date_x,score,genre,status,orig_lang,budget_x,revenue,country,names
02/16/2001 ,65.0,"Science Fiction, Family, Comedy, Animation", Released, English,10000000.0,44451470.0,US,Recess: School's Out
06/30/1995 ,58.0,"Action, Adventure, Science Fiction, Fantasy", Released, English,15000000.0,66400000.0,US,Mighty Morphin Power Rangers: The Movie
11/11/2022 ,53.0,"Science Fiction, Horror", Released, English,104050080.0,536903130.0,US,The Friendship Game
12/26/2012 ,59.0,Comedy, Released, English,25000000.0,120832383.0,AU,Parental Guidance
02/27/2014 ,78.0,"Drama, Animation, War, Romance", Released, Japanese,30000000.0,117932401.0,AU,The Wind Rises
08/01/2022 ,56.0,"Western, Mystery", Released, English,111200000.0,278054690.6,AU,Murder at Yellowstone City
05/12/2021 ,73.0,Drama, Released, Korean,71400000.0,751654707.4,KR,My Lovely Angel
03/03/2023 ,62.0,"Romance, Comedy", Released," Spanish, Castilian",178400000.0,324436308.4,US,Love at First Kiss
02/08/2017 ,53.0,Romance, Released, Korean,121400000.0,492196010.4,KR,Young Sister-In-Law 2
12/13/2012 ,74.0,"Family, Animation, Fantasy, Action, Adventure", Released, English,145000000.0,306941670.0,AU,Rise of the Guardians
06/18/1998 ,69.0,"Drama, History", Released, English,28000000.0,5686694.0,AU,Kundun
06/25/2017 ,0.0,, Released, Japanese,167540000.0,175269998.8,JP,DPMI-019 キャンギャル狂想脚 美月恋
12/26/1986 ,72.0,"Animation, Science Fiction, Action, Adventure, Family", Released, English,6000000.0,5849647.0,AU,The Transformers: The Movie
11/04/2022 ,55.0,"Drama, Horror", Released," Spanish, Castilian",2480000.0,1891519.0,ES,13 Exorcisms
05/06/2005 ,76.0,Drama, Released, English,5389600.0,1524966.0,US,Mysterious Skin
05/19/2023 ,0.0,"Drama, Thriller", Released, English,102000000.2,175269998.8,US,Sanctuary
07/19/2003 ,66.0,"Family, Action, Animation, Adventure, Fantasy, Science Fiction", Released, Japanese,8391625.8,334000000.0,JP,Pokémon: Jirachi - Wish Maker
10/20/2022 ,68.0,"Comedy, Romance, Crime", Released, Italian,104700000.0,538260394.4,AU,The Perfect Dinner
01/20/2023 ,56.0,"Action, Crime, Thriller", Released, English,134200000.0,772865923.6,US,Detective Knight: Independence
04/07/2023 ,0.0,"Horror, Thriller", Released, English,183540000.0,175269998.8,US,You’re Killing Me
06/11/2021 ,73.0,"Drama, Music, Romance", Released, English,55000000.0,43646976.0,AU,In the Heights
05/11/2022 ,66.0,"Documentary, Crime", Released, English,88000000.0,540133746.0,US,Our Father
09/12/1996 ,60.0,"Comedy, Drama, Thriller", Released, English,47000000.0,102825796.0,AU,The Cable Guy
03/10/2023 ,72.0,"Family, Comedy, Drama", Released, English,111000000.0,512397898.8,AU,Chang Can Dunk
08/27/2020 ,72.0,"Action, Thriller, Science Fiction", Released, English,205000000.0,360240189.0,AU,Tenet
02/13/2020 ,74.0,"Drama, History, Crime", Released, English,45000000.0,43092210.0,AU,Richard Jewell
10/16/1998 ,76.0,"Romance, Drama", Released, Hindi,153000.0,15306000.0,IN,Kuch Kuch Hota Hai
04/22/2016 ,52.0,"Action, Crime, Thriller", Released, English,10500000.0,100659.0,US,Precious Cargo
09/09/2016 ,67.0,"Drama, Crime, Action", Released, English,10000000.0,150191.0,US,Kicks
05/31/2017 ,50.0,Horror, Released, English,25000000.0,82917283.0,AU,Rings
06/30/2004 ,72.0,"Action, Adventure, Fantasy", Released, English,200000000.0,794697557.0,AU,Spider-Man 2
10/20/2005 ,59.0,"Action, Thriller, Adventure, Crime", Released, English,50000000.0,41982227.0,AU,Into the Blue
11/26/2015 ,67.0,"Science Fiction, Animation", Released, Japanese,4301620.0,101203.0,AU,Ghost in the Shell: The New Movie
05/03/2022 ,71.0,Documentary, Released, English,90100000.0,414551647.4,US,Spider-Man: All Roads Lead to No Way Home
01/15/2016 ,56.0,"Thriller, Action, Adventure, Crime", Released," Spanish, Castilian",134298000.0,341476740.4,MX,Chapo: El Escape Del Siglo
07/13/1995 ,61.0,"Action, Adventure, Drama, Romance", Released, English,75000000.0,127361412.0,AU,First Knight
08/29/2003 ,72.0,"Western, Action, Drama", Released, English,26000000.0,68613992.0,US,Open Range
03/03/2016 ,66.0,"Action, Drama, History, Thriller", Released, English,70000000.0,49252761.0,AU,The Finest Hours
06/12/2014 ,63.0,"Crime, Drama", Released, English,8500000.0,3180252.0,AU,The Rover
07/22/2015 ,72.0,"Adventure, Animation, Family", Released, English,73800000.0,394200421.4,AU,Tinker Bell and the Legend of the NeverBeast
05/16/2019 ,74.0,"Action, Thriller, Crime", Released, English,55000000.0,326709727.0,AU,John Wick: Chapter 3 - Parabellum
12/01/1997 ,0.0,"Drama, Fantasy", Released, Cantonese,199600000.0,175269998.8,HK,Erotic Ghost Story V
09/14/2012 ,57.0,"Thriller, Drama, Horror", Released, English,4581468.0,1181929.0,GB,When the Lights Went Out
05/15/1977 ,51.0,"Comedy, Drama", Released, English,132200000.0,249632395.4,US,Young Lady Chatterley
08/09/2018 ,63.0,"Horror, Thriller, Mystery", Released, English,1000000.0,16434588.0,AU,Unfriended: Dark Web
02/20/1996 ,59.0,"Science Fiction, Horror", Released, Japanese,105800000.0,216113745.0,JP,Splatter: Naked Blood
03/31/2022 ,77.0,"Animation, Action, Adventure, Crime, Comedy, Family", Released, English,70000000.0,250659286.0,AU,The Bad Guys
03/09/2023 ,70.0,"Drama, Comedy, Romance, Crime", Released, French,14000000.0,306869795.2,AU,Masquerade
01/14/2021 ,69.0,"Drama, History", Released, English,116000000.0,887668759.2,AU,The Dig
09/30/2022 ,67.0,"Fantasy, Family, Horror, Adventure", Released, English,90200000.0,93434.0,US,Spirit Halloween: The Movie
07/29/2021 ,46.0,"Horror, Drama", Released," Spanish, Castilian",66500000.0,865251451.2,CO,Tarumama
05/22/2020 ,63.0,Thriller, Released, English,94000000.0,321279166.8,US,Inheritance
08/12/2019 ,72.0,"Action, Animation, Crime, Mystery", Released, English,150200000.0,527876612.0,AU,Batman: Hush
06/20/2014 ,64.0,"Comedy, Romance", Released, English,24000000.0,70027933.0,US,Think Like a Man Too
05/11/2022 ,65.0,"Action, Thriller", Released, English,43967862.6,2122288.0,AU,The Contractor
02/08/2012 ,72.0,Drama, Released, English,81200000.0,472749495.2,DE,Fucking Different XXX
02/17/2023 ,20.0,Drama, Released, Tagalog,12001040.0,38139010.0,PH,Lagaslas
09/24/2015 ,60.0,"Fantasy, Adventure, Family, Action", Released, English,150000000.0,151525973.0,AU,Pan
10/21/2021 ,75.0,"Action, Drama, History", Released, English,100000000.0,30080003.0,AU,The Last Duel
12/02/2004 ,74.0,"Horror, Mystery, Crime", Released, English,1200000.0,103880027.0,AU,Saw
01/31/2023 ,71.0,Documentary, Released, English,90100000.0,414551647.4,US,"Pamela, A Love Story"
01/21/1995 ,74.0,"Fantasy, Adventure, Comedy", Released, Cantonese,10192000.0,3237520.0,HK,A Chinese Odyssey Part One: Pandora's Box
10/13/2022 ,65.0,"Action, Thriller, Horror", Released, Korean,115200000.0,220908446.2,AU,Project Wolf Hunting
08/25/1971 ,70.0,"History, Drama, Comedy", Released, Italian,53380000.0,428057755.8,IT,The Decameron
10/10/2014 ,58.0,"Drama, Thriller", Released, English,5000000.0,17499242.0,US,Addicted
11/03/1995 ,64.0,"Drama, Romance, War", Released, Swedish,78000000.0,251777647.4,SE,All Things Fair
11/13/2014 ,68.0,"Drama, Crime", Released, English,12600000.0,19054534.0,AU,The Drop
06/08/2018 ,0.0,Romance, Released, Korean,181600000.0,175269998.8,KR,Dream of JINSIA
01/13/2022 ,67.0,"Horror, Mystery, Thriller", Released, English,15000000.0,173046640.0,AU,Scream
03/21/2008 ,66.0,"Family, Adventure, Fantasy", Released, English,92500000.0,162839667.0,AU,The Spiderwick Chronicles
01/27/2023 ,60.0,Horror, Released, English,146740000.0,301123555.2,GB,Unwelcome
10/28/2021 ,70.0,"Horror, Thriller", Released, Thai,29296922.0,7230000.0,TH,The Medium
02/19/1964 ,74.0,"Drama, Romance", Released, French,7.0,35096415.4,FR,The Umbrellas of Cherbourg
07/31/2016 ,75.0,"Fantasy, Animation, Family", Released, Chinese,9037504.6,3916195.0,CN,Throne of Elves
01/23/2004 ,70.0,"Fantasy, Drama, Romance", Released, English,532673.0,3000000.0,US,If Only
08/10/2016 ,73.0,"Thriller, Drama, Action", Released, Korean,1000000.0,22418385.8,KR,Tunnel
01/18/2019 ,58.0,"Action, Adventure, Thriller", Released, English,121000000.0,261081731.0,US,Close
07/23/2010 ,65.0,"Comedy, Family", Released, English,15000000.0,27469621.0,US,Ramona and Beezus
02/02/2001 ,55.0,"Horror, Thriller", Released, English,10000000.0,20384136.0,US,Valentine
05/09/2014 ,61.0,Drama, Released, English,1000000.0,1156309.0,US,Palo Alto
12/09/2016 ,67.0,"Horror, Mystery", Released, English,24570496.6,5972942.0,AU,The Autopsy of Jane Doe
04/04/2002 ,60.0,"Comedy, Romance", Released, English,6000000.0,39241323.0,AU,National Lampoon's Van Wilder
06/07/2001 ,69.0,"Action, War, History, Romance, Drama", Released, English,151500000.0,449239853.0,AU,Pearl Harbor
05/15/2006 ,74.0,"Mystery, Animation, Family, Adventure, Comedy, Fantasy", Released, English,117400000.0,555652579.8,AU,Scooby-Doo! in Where's My Mummy?
02/17/2021 ,76.0,"Comedy, Action, Thriller", Released, Korean,98200000.0,881835095.6,KR,Mission: Possible
08/05/2021 ,80.0,"Drama, Music, Romance", Released, English,10000000.0,2237618.0,AU,CODA
09/17/2015 ,53.0,"Mystery, Drama", Released, Thai,139800000.0,421303732.6,TH,Mae Bia
11/08/2002 ,48.0,"Drama, Thriller", Released, Korean,74200000.0,937727043.8,KR,Ardor
12/11/2020 ,63.0,"Romance, Comedy, Animation", Released, Japanese,162940000.0,890454742.6,JP,Marudase Kintarou
12/26/2019 ,81.0,"Comedy, War, Drama", Released, English,14000000.0,86878073.0,AU,Jojo Rabbit
09/24/2009 ,65.0,"Adventure, Fantasy, Drama, Science Fiction, Romance, Family", Released, English,32000000.0,7162618.0,AU,The Secret of Moonacre
12/03/2010 ,78.0,"Romance, Drama", Released," Spanish, Castilian",99600000.0,555598357.2,ES,Three Steps Above Heaven
03/30/2022 ,66.0,"Action, Adventure, Comedy", Released, English,74000000.0,182921990.0,AU,The Lost City
12/17/1982 ,72.0,"Comedy, Romance", Released, English,15000000.0,177200262.0,US,Tootsie
02/01/1984 ,82.0,"Action, Crime, Drama", Released, English,25000000.0,44942821.0,AU,Scarface
04/26/1958 ,83.0,"Drama, War", Released, English,935000.0,69530233.0,AU,Paths of Glory
07/01/1984 ,55.0,"Adventure, Fantasy, Action, Science Fiction", Released, English,35000000.0,14296438.0,AU,Supergirl
09/19/2018 ,71.0,"Horror, Music", Released, French,2940457.0,1088907.0,FR,Climax
03/31/2010 ,59.0,"Horror, Comedy", Released, English,16000000.0,31943401.0,AU,Jennifer's Body
07/03/2003 ,69.0,"Family, Animation, Adventure, Comedy, Fantasy, Action", Released, English,60000000.0,80767884.0,AU,Sinbad: Legend of the Seven Seas
09/15/2011 ,47.0,"Family, Comedy, Action", Released, English,27000000.0,80681183.0,AU,Spy Kids: All the Time in the World
04/04/2023 ,0.0,"Action, Drama", Released," Spanish, Castilian",183540000.0,178359863.0,US,The Fist of the Condor
06/16/2011 ,57.0,"Horror, Mystery, Science Fiction", Released, English,4000000.0,6747342.0,US,Quarantine 2: Terminal
12/14/1989 ,71.0,"Action, Comedy, Drama", Released, Cantonese,26662400.0,4762337.0,HK,God of Gamblers
10/01/2021 ,56.0,"Horror, Thriller", Released, English,130200000.0,390377803.8,AU,Black as Night
04/06/2006 ,67.0,"Animation, Family, Comedy, Adventure", Released, English,75000000.0,651899282.0,AU,Ice Age: The Meltdown
10/21/2016 ,59.0,"Mystery, Horror, Science Fiction", Released, English,7001468.0,151042.0,CA,The Void
03/25/2022 ,67.0,"Animation, Comedy, Adventure, Family", Released, English,143000000.0,508164908.0,AU,The Ice Age Adventures of Buck Wild
10/10/1975 ,64.0,Horror, Released, English,179000.0,1000000.0,CA,Shivers
10/20/1976 ,74.0,"Family, Animation, Comedy, Adventure", Released, French,92500000.0,540305844.8,FR,The Twelve Tasks of Asterix
03/27/2018 ,71.0,"Science Fiction, Action, Animation", Released, English,148800000.0,745991790.4,AU,Suicide Squad: Hell to Pay
12/05/2013 ,60.0,"Romance, Drama, Comedy", Released, Korean,109600000.0,520431822.2,KR,Love Lesson
08/10/2001 ,56.0,"Mystery, Adventure, Comedy, Romance, Drama", Released, English,16000000.0,30987695.0,AU,Joe Dirt
12/22/1983 ,72.0,"Action, Comedy, Adventure", Released, Cantonese,120600000.0,505740474.2,HK,Project A
01/21/2007 ,53.0,"Animation, Family", Released, English,20000000.0,50224557.8,AU,The Magic Roundabout
03/24/2011 ,62.0,"Action, Science Fiction, TV Movie", Released, English,105400000.0,566928126.8,US,Collision Earth
06/13/2019 ,70.0,"War, Drama, Romance", Released, English,20000000.0,8969227.0,AU,Tolkien
08/28/2018 ,82.0,"Animation, Adventure, Crime, Family, Comedy", Released, English,235000000.0,908565495.4,US,Scooby-Doo! and the Gourmet Ghost
11/17/2006 ,58.0,"Fantasy, Horror", Released, English,71600000.0,657398006.0,US,Wicked Little Things
01/23/2018 ,73.0,"Drama, Comedy", Released, English,10000000.0,80120944.0,AU,Lady Bird
11/24/2010 ,75.0,"Fantasy, Animation, Action, Thriller, Family", Released, English,129600000.0,635714642.0,US,Firebreather
04/16/2014 ,67.0,Drama, Released, English,12000000.0,101332962.0,US,Heaven Is for Real
02/23/2020 ,64.0,"Animation, Drama, Adventure, Fantasy", Released, English,151400000.0,548528147.4,AU,Away
12/13/2002 ,61.0,"Comedy, Drama", Released, Korean,63600000.0,580471102.4,KR,Sex Is Zero
07/19/2013 ,69.0,"Family, Music, TV Movie, Comedy", Released, English,8000000.0,0.0,US,Teen Beach Movie
06/26/2003 ,59.0,"Comedy, Family", Released, English,60000000.0,164285587.0,AU,Daddy Day Care
02/11/1983 ,64.0,"Animation, Romance, Science Fiction, Comedy, Family", Released, Japanese,82400000.0,421156804.4,JP,Urusei Yatsura: Only You
08/11/1989 ,54.0,"Horror, Thriller", Released, English,6000000.0,22168359.0,US,A Nightmare on Elm Street: The Dream Child
11/21/1996 ,57.0,"Comedy, Crime, Action", Released, English,25000000.0,22611954.0,AU,Bulletproof
02/25/2022 ,55.0,"Action, Thriller, Crime, Mystery", Released, English,176400000.0,247906129.4,US,Gasoline Alley
02/14/1991 ,79.0,"Adventure, Drama, Western", Released, English,19000000.0,424208805.0,AU,Dances with Wolves
06/08/2016 ,62.0,Drama, Released, English,110800000.0,408974526.0,US,100 Streets
08/30/2021 ,78.0,"Animation, Action, Fantasy", Released, English,116000000.0,788968355.6,AU,Mortal Kombat Legends: Battle of the Realms
11/17/2022 ,58.0,"Romance, Comedy", Released, English,157600000.0,277948016.0,US,Christmas with You
02/05/1993 ,66.0,"Drama, Romance", Released, English,42910000.0,7532911.0,GB,Damage
04/06/2023 ,0.0,"Action, Comedy", Released, Thai,198000000.0,175269998.8,TH,Thunder Monk
08/05/2022 ,60.0,Comedy, Released, English,17000000.0,13071438.0,US,Easter Sunday
01/22/2001 ,64.0,"Mystery, Drama, Thriller, Romance, War", Released, English,42360000.0,15705007.0,US,Enigma
09/17/2009 ,55.0,"Animation, Family, Fantasy, Action, Adventure, Comedy", Released, English,150000000.0,292817841.0,AU,G-Force
08/02/2015 ,63.0,Comedy, Released, English,6548225.8,3214116.0,AU,Sleeping with Other People
12/07/2006 ,75.0,"Adventure, Action, Thriller", Released, English,12000000.0,41744718.0,AU,Casino Royale
05/26/2022 ,63.0,"Horror, Fantasy", Released, Finnish,3896000.0,490000.0,AU,Hatching
02/14/1931 ,72.0,"Horror, Drama, Fantasy", Released, English,355000.0,700000.0,US,Dracula
07/21/2023 ,0.0,Comedy, Post Production, English,175000000.0,178359863.0,US,Barbie
04/29/2022 ,69.0,Drama, Released," Catalan, Valencian",95000000.0,406434252.2,ES,Alcarràs
08/23/2021 ,76.0,"Animation, Action, Fantasy", Released, English,155000000.0,851049145.4,AU,The Witcher: Nightmare of the Wolf
12/05/1963 ,77.0,"Comedy, Mystery, Romance", Released, English,4000000.0,13475000.0,US,Charade
05/16/1996 ,68.0,"Crime, Action, Comedy, Thriller", Released, Cantonese,7500000.0,36238752.0,AU,Rumble in the Bronx
06/13/1991 ,78.0,"Animation, Family, Fantasy, Adventure", Released, Japanese,6900000.0,4493017.0,AU,Kiki's Delivery Service
09/19/2019 ,67.0,"Adventure, Comedy, Family, Fantasy", Released, English,49000000.0,120592276.0,AU,Dora and the Lost City of Gold
03/29/2018 ,76.0,"Science Fiction, Adventure, Action", Released, English,150000000.0,579055653.0,AU,Ready Player One
05/22/2020 ,35.0,Romance, Released, Korean,47270000.0,329856760.8,KR,Pizza Dare 2
05/31/1984 ,70.0,"Action, Comedy, Drama", Released," Spanish, Castilian",117780000.0,581124959.8,MX,Peter Knife
05/02/1985 ,71.0,"Crime, Drama, Romance, Thriller", Released, English,12000000.0,65532576.0,AU,Witness
12/25/2020 ,82.0,"Animation, Family, Comedy, Fantasy, Drama", Released, English,150000000.0,136384442.0,AU,Soul
10/16/1992 ,67.0,"Drama, Romance", Released, English,8000000.0,2721534.0,US,Wuthering Heights
03/07/2018 ,61.0,"Drama, Horror, Thriller", Released, French,214800000.0,692152526.4,FR,The Night Eats the World
04/08/2023 ,0.0,"Drama, Romance", Released, Tagalog,185534545.8,178359863.0,PH,Love You Long Time
08/06/2021 ,74.0,"Animation, Family, Comedy", Released, English,125000000.0,1139731798.4,AU,Vivo
10/11/2005 ,69.0,"Family, Animation, Comedy, Action, Adventure", Released, English,123440000.0,705791389.6,US,Tom and Jerry: The Fast and the Furry
04/08/2004 ,66.0,"Mystery, Thriller", Released, English,40000000.0,92110539.0,AU,Secret Window
11/02/2002 ,74.0,"Action, Science Fiction", Released, Japanese,8500000.0,16000000.0,JP,Godzilla Against MechaGodzilla
10/08/2016 ,44.0,"Science Fiction, Horror, Action", Released, English,74100000.0,852389639.0,US,Day of Reckoning
04/10/2019 ,60.0,"Horror, Drama, Thriller, Fantasy", Released, English,6320000.0,2325977.0,US,The Silence
03/03/2023 ,62.0,"Thriller, Action", Released," Spanish, Castilian",73800000.0,370426090.8,CL,Sayen
05/18/2017 ,73.0,"Action, Thriller, Crime", Released, English,40000000.0,171539887.0,AU,John Wick: Chapter 2
08/01/1962 ,64.0,History, Released, English,63260000.0,431611098.0,US,The 300 Spartans
07/18/1997 ,60.0,"Fantasy, Horror", Released, English,26000000.0,25798931.2,US,Snow White: A Tale of Terror
07/08/1999 ,67.0,"Drama, Romance, Comedy", Released, English,35000000.0,26613620.0,AU,Blast from the Past
08/13/2022 ,78.0,"Music, Comedy", Released, English,70000.0,23889705.6,US,South Park: The 25th Anniversary Concert
12/09/2022 ,64.0,Drama, Released, Tagalog,80400000.0,411716817.2,PH,Pamasahe
02/08/1915 ,61.0,"Drama, History, War", Released, English,110000.0,11000000.0,US,The Birth of a Nation
01/01/2013 ,74.0,"Adventure, Drama", Released, English,120000000.0,619310368.0,AU,Life of Pi
01/01/1999 ,64.0,"Science Fiction, Action, Adventure, Thriller", Released, English,70000000.0,117800000.0,AU,Star Trek: Insurrection
09/21/1995 ,73.0,"Comedy, Romance", Released, English,13700000.0,57956568.0,AU,Clueless
11/27/2016 ,67.0,"Comedy, Horror, Thriller", Released, English,50168000.0,176288.0,AU,Better Watch Out
11/11/2019 ,65.0,"Drama, Thriller", Released, English,45060000.0,1012932.0,GB,Night Hunter
12/07/1995 ,80.0,"Animation, Adventure, Family, Comedy", Released, English,30000000.0,365270951.0,AU,Toy Story
12/26/2001 ,84.0,"Adventure, Fantasy, Action", Released, English,93000000.0,891216824.0,AU,The Lord of the Rings: The Fellowship of the Ring
02/17/2023 ,66.0,"Comedy, Romance", Released," Spanish, Castilian",63800000.0,408505847.8,ES,My Father's Mexican Wedding
11/23/1923 ,68.0,Drama, Released, English,13500000.0,85433929.0,US,The Ten Commandments
05/23/2013 ,62.0,Comedy, Released, English,103000000.0,362000072.0,AU,The Hangover Part III
10/02/2003 ,60.0,"Fantasy, Action, Thriller, Science Fiction", Released, English,78000000.0,179265204.0,AU,The League of Extraordinary Gentlemen
11/30/2006 ,71.0,"Action, Adventure, Drama", Released, English,70000000.0,94973540.0,AU,The Guardian
12/14/2022 ,79.0,"Animation, Adventure, Comedy, Family", Released," Spanish, Castilian",113880000.0,604874932.2,MX,A Frozen Rooster
08/11/2016 ,67.0,"Action, Drama, History, War", Released, English,50000000.0,23237252.0,AU,Free State of Jones
11/05/1999 ,74.0,"Animation, Comedy, Mystery, Family, Fantasy", Released, English,117400000.0,526368947.2,US,Scooby-Doo! and the Witch's Ghost
03/13/2018 ,66.0,"Thriller, Drama, Horror", Released, English,37117129.0,14097.0,AU,Radius
12/17/2008 ,56.0,"Drama, Science Fiction, Thriller", Released, English,1200000.0,3700000.0,AU,The Day the Earth Stood Still
07/15/2022 ,76.0,"Music, Fantasy, Comedy, Science Fiction, Family, TV Movie", Released, English,36000000.0,141613530.8,AU,Z-O-M-B-I-E-S 3
03/29/2012 ,64.0,"Comedy, Drama", Released," Spanish, Castilian",115500000.0,365470598.0,CL,Young and Wild
05/01/1991 ,68.0,"Drama, Thriller, Crime", Released, French,89180000.0,511934839.4,US,Carne
11/20/2022 ,40.0,"TV Movie, Drama", Released, English,112800000.0,836011985.4,US,A Waltons Thanksgiving
01/01/2015 ,56.0,Comedy, Released, English,40000000.0,156553592.0,AU,Dumb and Dumber To
04/29/2021 ,77.0,"Action, Crime, Thriller", Released, English,40000000.0,103913405.0,AU,Wrath of Man
02/11/2005 ,66.0,"History, Documentary", Released, English,2000000.0,691880.0,US,Inside Deep Throat
03/03/2016 ,70.0,"Crime, Drama, Mystery, Thriller", Released, Danish,5210000.0,5900000.0,DK,A Conspiracy of Faith
03/01/1988 ,58.0,"Comedy, Horror", Released, English,23000.0,50285165.2,US,Hollywood Chainsaw Hookers
03/07/2013 ,59.0,"Fantasy, Adventure, Family", Released, English,200000000.0,490359051.0,AU,Oz the Great and Powerful
11/16/2018 ,70.0,"Romance, Comedy", Released, English,94100000.0,683545513.4,US,The Princess Switch
03/08/2023 ,68.0,"Romance, Comedy", Released, German,52900000.0,368167712.6,DE,Faraway
01/03/2002 ,62.0,"Adventure, Comedy", Released, English,48000000.0,86607223.0,AU,Rat Race
11/16/2013 ,71.0,"Romance, Drama", Released, French,4300000.0,10165694.0,AU,Blue Is the Warmest Color
05/26/2021 ,61.0,"Horror, Science Fiction, Drama, Thriller", Released, French,2886392.4,700000.0,FR,Meander
07/12/1988 ,63.0,"Action, Crime, Thriller", Released, English,20000000.0,37903295.0,US,The Dead Pool
04/14/2023 ,0.0,"Animation, Action, Crime, Mystery", In Production, Japanese,231940000.0,175269998.8,JP,Detective Conan: Black Iron Submarine
02/28/1991 ,74.0,"Crime, Drama, Thriller", Released, English,54000000.0,136766062.0,AU,The Godfather Part III
10/06/2017 ,57.0,"Horror, Mystery, Thriller", Released, English,5660000.0,6554322.0,US,The Crucifixion
12/02/2021 ,65.0,"Romance, Comedy", Released, English,81000000.0,383536021.0,US,Single All the Way
10/07/1994 ,51.0,"Fantasy, Animation, Science Fiction, Family", Released, English,23000000.0,71368.0,US,A Troll in Central Park
05/12/2014 ,77.0,"Action, Adventure, Drama, Fantasy, Animation", Released, Japanese,124200000.0,640997166.4,AU,Berserk: The Golden Age Arc III - The Advent
08/20/2015 ,74.0,"Action, Drama", Released, English,30000000.0,94156456.0,AU,Southpaw
09/20/2018 ,62.0,"Fantasy, Family, Comedy", Released, English,42000000.0,131523093.0,AU,The House with a Clock in Its Walls
08/21/2020 ,79.0,"Drama, Romance", Released, English,9300000.0,3117681.0,US,Words on Bathroom Walls
11/15/2014 ,64.0,"Action, Animation, Science Fiction", Released, Japanese,61002587.6,258021218.0,JP,Expelled from Paradise
03/01/1963 ,83.0,"Crime, Drama, Mystery, Thriller", Released, Japanese,250000.0,73294091.6,JP,High and Low
08/25/2022 ,51.0,"Romance, Comedy", Released, English,71600000.0,618529101.8,US,That's Amor
04/22/2022 ,57.0,"Comedy, Family", Released," Spanish, Castilian",5308245.0,3468053.0,AU,The Kids Are Alright: Destination Asturias
02/19/2020 ,72.0,"Mystery, Thriller, Crime, Comedy, Drama", Released, Korean,26268000.0,5707415.0,KR,Beasts Clawing at Straws
01/18/2010 ,50.0,Drama, Released, French,151600000.0,665194474.0,FR,Student Services
05/07/2009 ,60.0,"Fantasy, Comedy, Romance", Released, English,37500000.0,102223269.0,AU,Ghosts of Girlfriends Past
06/26/2009 ,66.0,"Family, TV Movie, Comedy, Drama", Released, English,119100000.0,606874004.8,US,Princess Protection Program
02/15/2021 ,83.0,"Animation, Comedy, Fantasy, Adventure, Family", Released," Spanish, Castilian",109200000.0,728382406.2,MX,Legend Quest: The Origin
09/28/2006 ,55.0,"Family, Animation", Released, English,80000000.0,99010667.0,AU,The Wild
10/24/2019 ,54.0,"Comedy, Horror, Fantasy", Released, English,20700000.0,12104595.0,AU,The Dead Don't Die
05/07/2015 ,76.0,"Drama, Science Fiction", Released, English,13000000.0,38298841.0,AU,Ex Machina
09/16/2022 ,55.0,"Documentary, History, TV Movie", Released," Spanish, Castilian",128400000.0,401104136.4,MX,13:14: The Challenge of Helping
03/02/2017 ,78.0,"Action, Drama, Science Fiction", Released, English,127000000.0,614202315.0,AU,Logan
09/15/2010 ,67.0,"Animation, Adventure, Family, Fantasy", Released, English,145400000.0,524420200.6,AU,Tinker Bell and the Great Fairy Rescue
04/03/1997 ,65.0,"Adventure, Animation, Family, Fantasy", Released, English,38000000.0,28946127.0,AU,James and the Giant Peach
06/28/2007 ,68.0,"Adventure, Science Fiction, Action", Released, English,151000000.0,708272592.0,AU,Transformers
03/20/1974 ,68.0,"Comedy, Drama", Released, French,103040000.0,412503777.6,FR,Going Places
02/28/2014 ,69.0,Drama, Released, English,22000000.0,70949793.0,US,Son of God
06/04/2022 ,62.0,Documentary, Released, English,107200000.0,447551505.2,GB,Jurassic Greatest Moments: Jurassic Park to Jurassic World
09/24/2010 ,74.0,"Fantasy, Drama", Released, English,16000000.0,1467278.0,US,Enter the Void
12/20/1995 ,68.0,Drama, Released, English,56600000.0,583921229.0,US,Moses
02/22/2007 ,75.0,"Action, Drama, War", Released, English,13000000.0,67867998.0,AU,Letters from Iwo Jima
08/31/2016 ,59.0,"Action, Crime, Thriller", Released, English,40000000.0,125729635.0,AU,Mechanic: Resurrection
02/01/2017 ,59.0,"Adventure, Animation, Comedy, Family", Released, French,145000000.0,121645390.0,FR,Sahara
01/28/1999 ,57.0,"Horror, Thriller", Released, English,14000000.0,72571864.0,AU,Urban Legend
07/10/2017 ,49.0,Romance, Released, Korean,107800000.0,772371713.0,KR,The Day of Swapping
01/15/2021 ,77.0,"Romance, Music, Drama", Released, Korean,110060000.0,530401369.0,US,Wish You
05/14/2018 ,58.0,"Animation, Action, Science Fiction", Released, Japanese,87000000.0,322504884.2,AU,Batman Ninja
12/17/2021 ,74.0,"Action, Drama, Thriller", Released, Telugu,167200000.0,712822511.0,IN,Pushpa: The Rise - Part 1
12/30/2004 ,69.0,"Comedy, Crime", Released, English,20000000.0,111448997.0,AU,White Chicks
07/31/2010 ,70.0,"Adventure, Action, Animation", Released, Japanese,30620000.0,8500000.0,JP,Naruto Shippuden the Movie: The Lost Tower
10/30/1998 ,63.0,"Action, Fantasy, Horror", Released, English,20000000.0,20268825.0,US,Vampires
11/05/2009 ,69.0,"Drama, Romance, Fantasy", Released, English,39000000.0,101344412.0,AU,The Time Traveler's Wife
02/06/2009 ,59.0,"Crime, Drama, Horror, Mystery, Thriller", Released, English,20000000.0,1017401.0,US,Horsemen
12/11/2008 ,63.0,"Fantasy, Drama, Romance", Released, English,20000000.0,15055091.0,AU,Twilight
08/27/2015 ,78.0,"Drama, Music, History", Released, English,28000000.0,202182981.0,AU,Straight Outta Compton
11/13/2008 ,63.0,"Comedy, Adventure, Romance", Released, English,19000000.0,10412485.0,AU,Sex Drive
07/30/2015 ,72.0,"Action, Adventure", Released, English,150000000.0,682716636.0,AU,Mission: Impossible - Rogue Nation
07/18/2019 ,55.0,"Drama, Thriller", Released, English,122600000.0,610378991.8,AU,Secret Obsession
04/12/2016 ,73.0,Documentary, Released, English,53600000.0,682429959.6,US,I'm a Porn Star: Gay 4 Pay
11/14/2019 ,73.0,"Adventure, Family, Drama", Released, French,9600000.0,35487190.0,AU,Mia and the White Lion
08/14/2014 ,72.0,"Fantasy, Romance, Science Fiction, Drama, Adventure, Family, Action", Released, German,26198000.0,5188128.0,DE,Sapphire Blue
09/22/2022 ,55.0,"Adventure, Science Fiction, Comedy", Released, Portuguese,71800000.0,376598693.6,BR,Intergalactic Meeting
07/29/1994 ,65.0,"Comedy, Drama, Romance", Released, English,20000000.0,37939757.0,US,It Could Happen to You
09/24/1993 ,75.0,"Action, Thriller, Drama", Released, English,44000000.0,353715317.0,AU,The Fugitive
07/22/1977 ,62.0,"Adventure, Horror, Thriller", Released, English,17500000.0,14717854.0,US,Orca
05/26/1971 ,70.0,Western, Released, English,69140523.8,363383360.6,US,Big Jake
01/23/2018 ,81.0,"Drama, Mystery, Thriller", Released," Spanish, Castilian",4000000.0,30000000.0,AU,The Invisible Guest
11/25/2021 ,75.0,"Animation, Comedy, Adventure, Family", Released, English,82000000.0,146281732.0,AU,The Boss Baby: Family Business
12/09/2011 ,53.0,"Horror, Thriller, Science Fiction", Released, English,5000000.0,26517819.0,AU,Apollo 18
11/26/2021 ,61.0,"Animation, Drama, Adventure, Science Fiction", Released, Japanese,139600000.0,350558192.6,JP,Eureka: Eureka Seven Hi-Evolution
02/20/1952 ,74.0,"Adventure, Romance", Released, English,1000000.0,10750000.0,US,The African Queen
01/28/2005 ,59.0,"Horror, Thriller, Mystery", Released, English,139000000.0,405888913.2,GB,Creep
02/12/2016 ,47.0,Horror, Released, English,1500000.0,30351664.0,US,Cabin Fever
03/20/2020 ,76.0,Drama, Released, English,11000000.0,2990000.0,AU,The Banker
06/11/2015 ,67.0,"Action, Adventure, Science Fiction, Thriller", Released, English,215000000.0,1669963641.0,AU,Jurassic World
05/29/2020 ,63.0,"Drama, Romance", Released, Korean,120000000.0,303727772.6,KR,Stepmom's Desire
06/15/2015 ,60.0,"Drama, Comedy, Romance", Released, English,158000000.0,315279503.4,US,The Escort
04/06/2023 ,0.0,"Comedy, Romance", Released, Russian,264940000.0,178359863.0,RU,Я хочу! Я буду!
08/09/2016 ,40.0,"Drama, Mystery", Released, Japanese,118800000.0,836011985.4,JP,The Temptation Came at Stormy Night
04/18/2014 ,61.0,"Comedy, Horror", Released, English,4000000.0,21206861.0,US,A Haunted House 2
07/29/2005 ,44.0,"Animation, Family, Fantasy, Science Fiction", Released, English,148300000.0,872737414.6,CA,Pinocchio 3000
04/06/2023 ,0.0,Romance, Released, Korean,181600000.0,175269998.8,KR,솔라 플라워
02/05/1993 ,81.0,"Crime, Action, Drama, Thriller", Released, English,35000000.0,4496583.0,US,Bound by Honor
10/15/2004 ,67.0,"Comedy, Drama, Family, Romance", Released, English,45000000.0,134713435.0,AU,The Princess Diaries 2: Royal Engagement
01/07/2011 ,54.0,"Adventure, Fantasy, Action", Released, English,40000000.0,91126600.0,US,Season of the Witch
06/11/2001 ,34.0,Horror, Released, English,500000.0,1240261.6,US,Children of the Living Dead
09/03/1992 ,63.0,"Comedy, Drama, Romance", Released," Spanish, Castilian",100760000.0,558095583.4,ES,Jamon Jamon
04/22/2001 ,71.0,"Thriller, Romance", Released, English,196200000.0,428915824.0,US,Attraction
03/04/2022 ,66.0,"Thriller, Drama", Released, English,52400000.0,294007250.2,US,Nightride
08/02/2019 ,68.0,"Animation, Adventure, Comedy, Fantasy, Action, Family", Released, Japanese,94400000.0,408556335.6,JP,Dragon Quest: Your Story
08/29/2011 ,69.0,"Animation, Comedy, Family, TV Movie, Adventure, Science Fiction", Released, English,113000000.0,424831011.2,AU,Phineas and Ferb: The Movie: Across the 2nd Dimension
09/11/2003 ,77.0,"Drama, History", Released, English,11000000.0,4234355.0,US,The Gospel of John
04/03/2014 ,74.0,"Animation, Family, Adventure, Comedy, Fantasy", Released, English,60000000.0,468084718.0,AU,The Lego Movie
02/28/2020 ,65.0,"Comedy, Action", Released, English,49000000.0,835102.0,AU,Guns Akimbo
07/22/2002 ,60.0,"Animation, Family", Released, English,114000000.0,1002554527.0,US,Tarzan & Jane
05/29/2003 ,65.0,"Action, Drama, Mystery, Thriller, Crime", Released, English,50000000.0,42598498.0,AU,Basic
06/10/2017 ,61.0,"Family, Drama", Released, English,3400000.0,92382687.2,AU,Rip Tide
05/06/1972 ,68.0,"Crime, Action, Thriller", Released, Japanese,70440000.0,550779126.2,JP,Street Mobster
02/10/2022 ,63.0,"Action, Thriller", Released, English,29000000.0,16017096.0,AU,Blacklight
04/28/2007 ,65.0,"Action, Animation", Released, Japanese,82600000.0,307390441.0,JP,Fist of the North Star: Legend of Raoh - Chapter of Fierce Fight
05/12/2009 ,58.0,"Adventure, Family, Fantasy, Science Fiction, Thriller, Action", Released, English,50000000.0,105103784.0,AU,Race to Witch Mountain
12/26/1994 ,59.0,"Comedy, Family", Released, English,40000000.0,38087756.0,AU,Ri¢hie Ri¢h
08/14/2014 ,64.0,"War, Action", Released, English,51400000.0,291353534.2,US,Jarhead 2: Field of Fire
04/22/2014 ,70.0,"Animation, Action, Adventure", Released, English,140000000.0,616925753.2,US,Son of Batman
03/31/2012 ,61.0,"Drama, Action, Thriller", Released, Hindi,218000000.0,523582647.0,IN,Blood Money
09/08/2022 ,70.0,Comedy, Released," Spanish, Castilian",95240000.0,570086135.4,AR,Más respeto que soy tu madre
02/08/1915 ,61.0,"Drama, History, War", Released, English,10000000.0,16891011.0,US,The Birth of a Nation
07/26/2010 ,75.0,"Action, Thriller, Drama", Released," Spanish, Castilian",5700000.0,19300483.0,AU,Cell 211
03/14/2018 ,73.0,"Horror, Mystery, Thriller", Released, English,95800000.0,750306106.4,FR,Ghostland
10/03/2013 ,72.0,"Science Fiction, Thriller, Drama", Released, English,110000000.0,685710761.0,AU,Gravity
07/29/2021 ,67.0,"Drama, Crime, Thriller", Released, English,20000000.0,19754272.0,AU,Stillwater
05/27/1994 ,73.0,Comedy, Released, English,6900000.0,7961889.0,AU,Dazed and Confused
12/17/1986 ,54.0,"Comedy, Fantasy, Science Fiction", Released, English,30000000.0,16295774.0,AU,Howard the Duck
03/30/2012 ,62.0,"Music, Romance, Drama", Released, English,126800000.0,556502850.0,GB,StreetDance 2
06/02/2023 ,100.0,"Science Fiction, Thriller", Released, English,201000000.0,1569323843.8,US,Simulant
07/26/2022 ,70.0,"Animation, Action, Science Fiction", Released, English,59500000.0,444807535.4,AU,Green Lantern: Beware My Power
07/28/2021 ,75.0,"Animation, Mystery, Action, Crime", Released, English,141000000.0,937353330.4,AU,"Batman: The Long Halloween, Part Two"
09/29/2021 ,65.0,"Comedy, Romance", Released," Spanish, Castilian",131500000.0,146729703.6,ES,Sounds Like Love
12/26/1981 ,71.0,"Adventure, Animation, Drama, Family", Released, English,12000000.0,29800000.0,AU,The Fox and the Hound
03/09/1972 ,64.0,"Adventure, Science Fiction", Released, English,1100000.0,0.0,AU,Silent Running
03/26/1964 ,65.0,"Drama, History, War", Released, English,19000000.0,4750000.0,US,The Fall of the Roman Empire
03/09/2019 ,54.0,"Horror, Thriller, Mystery", Released, English,106000000.0,135557991.6,US,Darlin'
05/24/2022 ,69.0,"Animation, Action, Comedy", Released, English,90000000.0,735942280.8,US,Teen Titans Go! & DC Super Hero Girls: Mayhem in the Multiverse
04/01/2022 ,55.0,"Romance, Drama", Released, Norwegian,94000000.0,537098095.8,US,Battle: Freestyle
03/19/2015 ,64.0,"Action, Adventure, Science Fiction, Thriller", Released, English,110000000.0,295238201.0,AU,Insurgent
10/28/2022 ,82.0,"Action, Crime, Thriller", Released, English,147200000.0,781524699.8,US,The System
07/29/2014 ,63.0,"Adventure, Animation, Action", Released, English,113160000.0,486991084.0,US,Iron Man & Captain America: Heroes United
03/15/2016 ,66.0,"Horror, Thriller", Released, English,35000.0,0.0,US,Terrifier
05/10/2012 ,57.0,"Action, Comedy, Science Fiction", Released, English,7500000.0,10109659.0,AU,Iron Sky
08/19/2008 ,60.0,"Drama, Thriller", Released, English,134200000.0,264583010.6,AU,Restraint
05/28/2009 ,78.0,"Animation, Family, Comedy", Released, English,111800000.0,750742412.6,US,Partly Cloudy
05/22/1988 ,61.0,"Action, Drama, Adventure, TV Movie", Released, English,154800000.0,347940786.4,US,The Incredible Hulk Returns
10/06/2006 ,71.0,"Drama, Romance", Released, English,14000000.0,14121177.0,US,Little Children
03/23/2023 ,47.0,Comedy, Released," Spanish, Castilian",100100000.0,947468745.8,MX,¡Que Viva México!
03/17/2023 ,55.0,Drama, Released, Tagalog,142000000.0,454488625.8,PH,Domme
12/20/2022 ,69.0,Comedy, Released," Spanish, Castilian",103740000.0,608633534.0,MX,A Not So Merry Christmas
11/11/2004 ,56.0,"Action, Comedy, Thriller, Crime", Released, English,25000000.0,71255003.0,AU,Taxi
01/06/2009 ,57.0,"War, Action, Thriller", Released, English,136300000.0,505788963.6,AU,Behind Enemy Lines III: Colombia
05/18/2017 ,65.0,"Action, Drama, Fantasy", Released, English,175000000.0,139630336.0,AU,King Arthur: Legend of the Sword
09/16/1953 ,69.0,"Drama, History", Released, English,5000000.0,36010887.0,US,The Robe
01/18/2001 ,77.0,"Adventure, Drama", Released, English,85000000.0,427230516.0,AU,Cast Away
06/18/2009 ,49.0,"Comedy, Adventure", Released, English,60000000.0,57604723.0,AU,Year One
06/10/1994 ,46.0,"Comedy, Crime", Released, English,10000000.0,126247.0,AU,Police Academy: Mission to Moscow
04/28/2018 ,54.0,Comedy, Released, English,76000000.0,152911218.6,AU,The Week Of
10/20/1989 ,57.0,"Science Fiction, Action, Adventure, Thriller", Released, English,30000000.0,70200000.0,AU,Star Trek V: The Final Frontier
01/03/2007 ,63.0,"Comedy, Science Fiction, Adventure", Released, English,2400000.0,500296.0,AU,Idiocracy
12/10/2009 ,73.0,"TV Movie, Thriller, Animation, Crime, Drama, Fantasy", Released, Japanese,102200000.0,1165655469.8,AU,Death Note Relight 2: L's Successors
04/08/2022 ,49.0,"Action, Thriller", Released, English,148800000.0,651812055.8,US,Agent Game
09/09/2009 ,55.0,"Action, Crime, Mystery, Thriller", Released, English,35000000.0,12254746.0,US,Whiteout
09/13/2017 ,58.0,"Drama, Horror, Romance, Science Fiction", Released, English,128000000.0,558825684.4,US,Hostile
02/22/1996 ,66.0,"Drama, Comedy, Crime", Released, English,20000000.0,27688744.0,AU,To Die For
12/14/2000 ,53.0,"Animation, Drama, Family", Released, English,19000000.0,15911332.0,AU,Thomas and the Magic Railroad
06/10/2020 ,65.0,"War, Drama, History", Released, Russian,82400000.0,336480694.6,RU,The Red Ghost
07/30/2004 ,66.0,"Family, Animation, Fantasy, Adventure, Comedy", Released, English,20000000.0,9771658.0,AU,The Swan Princess
06/04/1942 ,70.0,"Animation, Family", Released, English,170000000.0,353166307.0,AU,Dumbo
01/28/2016 ,73.0,"War, Action, History, Drama", Released, English,50000000.0,69411370.0,AU,13 Hours: The Secret Soldiers of Benghazi
05/13/2018 ,70.0,Romance, Released, English,105740523.8,345465556.8,US,Harry & Meghan: A Royal Romance
10/11/1981 ,75.0,"Comedy, Drama", Released, English,475000.0,15063.0,US,My Dinner with Andre
10/06/1999 ,63.0,"Adventure, Comedy, Crime, Science Fiction", Released, English,35000000.0,312383487.0,AU,Austin Powers: The Spy Who Shagged Me
10/11/2018 ,70.0,"History, Drama", Released, English,60000000.0,105523737.0,AU,First Man
09/15/2016 ,60.0,"Action, Adventure, Comedy, Family, Science Fiction", Released, English,135000000.0,245328374.0,AU,Teenage Mutant Ninja Turtles: Out of the Shadows
11/07/2017 ,51.0,"Drama, Romance", Released, English,109800000.0,357494447.2,US,Feels Like Euphoria
11/24/2021 ,69.0,Drama, Released, English,11000000.0,170645114.4,GB,Bruised
07/28/2016 ,49.0,"Drama, Crime, Thriller, Mystery", Released, English,3500017.4,1787926.0,AU,Exposed
01/12/2023 ,74.0,"Science Fiction, Horror, Comedy", Released, English,12000000.0,167643991.0,AU,M3GAN
06/01/2017 ,61.0,"Comedy, Action, Crime", Released, English,60000000.0,175863783.0,AU,Baywatch
09/15/2006 ,70.0,"Crime, Drama", Released, English,30000000.0,41457834.0,AU,Gridiron Gang
10/05/2000 ,64.0,"Action, Adventure, Thriller", Released, English,65000000.0,128874043.0,AU,Space Cowboys
09/08/2020 ,61.0,"Animation, Family, TV Movie", Released, English,91800000.0,620100551.2,US,"Curious George: Go West, Go Wild"
08/27/2020 ,0.0,Drama, Released, Korean,174600000.0,175269998.8,KR,Housewife Dealer
08/12/2010 ,75.0,"Action, Comedy, Romance", Released, English,85000000.0,48000000.0,AU,Scott Pilgrim vs. the World
06/23/2021 ,81.0,Drama, Released," Spanish, Castilian",174400000.0,895189907.0,MX,The House of Flowers: The Movie
08/20/2008 ,60.0,"Comedy, Music", Released, English,15000000.0,8767338.0,US,The Rocker
04/15/2021 ,73.0,"Science Fiction, Action", Released, Korean,161200000.0,220782511.8,KR,Seobok: Project Clone
03/17/2022 ,75.0,"Family, Drama", Released, English,78800000.0,472878915.2,US,Rescued by Ruby
09/28/2018 ,56.0,"Action, Horror, Science Fiction", Released, English,118698000.0,577780846.8,GB,Redcon-1
11/02/2011 ,67.0,"Action, Drama, War", Released, French,10000000.0,3424648.0,FR,Special Forces
10/01/2022 ,66.0,"Thriller, Drama, Adventure", Released, English,187500000.0,467877181.4,AU,Survive
12/02/1999 ,76.0,"Animation, Comedy, Family", Released, English,90000000.0,511358276.0,AU,Toy Story 2
06/19/1963 ,71.0,"Adventure, Family, Fantasy", Released, English,1000000.0,156936204.6,US,Jason and the Argonauts
12/09/2010 ,62.0,"Action, Crime, Drama, Thriller", Released, English,32000000.0,70587268.0,AU,Takers
11/24/2022 ,65.0,"Animation, Family, Adventure, Science Fiction", Released, English,135000000.0,69566884.0,AU,Strange World
09/15/2021 ,73.0,Drama, Released, Korean,7048000.0,5619316.0,KR,Miracle: Letters to the President
07/20/1995 ,62.0,Comedy, Released, English,10000000.0,26488734.0,AU,Billy Madison
09/16/2010 ,68.0,Comedy, Released, English,8000000.0,76200721.0,AU,Easy A
11/16/2006 ,82.0,"Drama, Mystery, Science Fiction", Released, English,40000000.0,104407366.0,AU,The Prestige
10/26/2005 ,61.0,"Action, Adventure, Western", Released, English,80000000.0,141475336.0,AU,The Legend of Zorro
09/09/2021 ,64.0,"Romance, Drama", Released, English,102000000.0,254278668.2,US,Time Is Up
10/09/1998 ,74.0,"Drama, Romance, Comedy", Released, English,26000000.0,65705772.0,AU,EverAfter
09/05/2014 ,62.0,"Adventure, Action", Released, English,4500000.0,11774.0,US,Falcon Rising
10/01/2009 ,68.0,"Drama, History, War", Released, English,30000000.0,216794294.4,AU,Che: Part One
10/12/2022 ,55.0,"Comedy, Adventure", Released, French,14470000.0,15493044.4,FR,Jack Mimoun & the Secrets of Val Verde
11/16/1973 ,76.0,"Fantasy, Family, Romance", Released, Czech,580000.0,23146523.2,XC,Three Wishes for Cinderella
09/20/1990 ,64.0,"Comedy, Horror, Fantasy", Released, English,50000000.0,41476097.0,AU,Gremlins 2: The New Batch
07/27/2007 ,57.0,Drama, Released, English,4600000.0,968805.0,AU,Savage Grace
08/21/2010 ,73.0,"Animation, Drama, Family", Released, Japanese,124000000.0,417412529.2,JP,Colorful
04/23/2014 ,64.0,"Comedy, Romance", Released, English,40000000.0,195111193.0,AU,The Other Woman
07/05/2019 ,53.0,Drama, Released, Korean,119600000.0,362461687.2,KR,Temptation of Aunt 2
03/09/1994 ,78.0,"Crime, Thriller, Drama, Romance", Released, English,30000000.0,63848322.0,AU,Carlito's Way
02/07/2013 ,55.0,"Drama, Romance", Released, Thai,127800000.0,578598408.0,TH,Jan Dara: The Finale
01/13/2005 ,71.0,Drama, Released, German,4500000.0,3764219.0,DE,Before the Fall
06/11/1992 ,77.0,"Romance, Family, Animation, Fantasy", Released, English,20000000.0,438656843.0,AU,Beauty and the Beast
06/05/2018 ,59.0,Action, Released, English,3000000.0,28645.0,US,The Debt Collector
04/30/2021 ,70.0,"Action, Thriller", Released, English,88200000.0,541630998.4,AU,Tom Clancy's Without Remorse
07/08/2021 ,74.0,"Action, Adventure, Science Fiction", Released, English,200000000.0,379751131.0,AU,Black Widow
03/31/1988 ,52.0,"Comedy, Crime", Released, English,4300000.0,19510371.0,AU,Police Academy 5: Assignment Miami Beach
09/01/2020 ,65.0,"Comedy, Family, Animation", Released, English,133000000.0,638164005.2,US,The Boss Baby: Get That Baby!
04/07/2023 ,0.0,Documentary, Released, English,241940000.0,175269998.8,UY,Questions for Memories
02/24/2017 ,62.0,"Adventure, Animation, Comedy, Family, Music", Released, English,60000000.0,24148488.0,US,Rock Dog
06/27/2017 ,59.0,Drama, Released, English,10000000.0,28039038.0,AU,The Beguiled
10/07/2010 ,66.0,"Drama, Thriller, Mystery", Released, English,1987650.0,21270290.0,AU,Buried
06/30/2011 ,59.0,"Comedy, Family", Released, English,55000000.0,187361754.0,AU,Mr. Popper's Penguins
04/06/2023 ,0.0,Horror, Released, English,195000000.0,175269998.8,ID,Pelet Tali Pocong
10/19/2017 ,69.0,"Fantasy, Family, Adventure, Action, Comedy", Released, Russian,8250000.0,30060061.0,RU,The Last Warrior
04/03/2014 ,77.0,"Action, Adventure, Science Fiction", Released, English,170000000.0,714401889.0,AU,Captain America: The Winter Soldier
07/08/2022 ,63.0,"Animation, Comedy", Released, English,83400000.0,191964060.4,AU,The Wonderful Summer of Mickey Mouse
12/26/2004 ,62.0,"Comedy, Romance", Released, English,60000000.0,516567575.0,AU,Meet the Fockers
10/06/2005 ,64.0,"Comedy, Romance", Released, English,26000000.0,177378645.0,AU,The 40 Year Old Virgin
10/29/1953 ,69.0,"Comedy, Romance", Released, English,73480000.0,372756516.0,US,How to Marry a Millionaire
08/05/2021 ,76.0,"Action, Comedy, Adventure", Released, English,185000000.0,167097737.0,AU,The Suicide Squad
12/04/2010 ,75.0,"Action, Animation, Fantasy, Adventure", Released, Japanese,3865000.0,8749681.0,JP,Bleach the Movie: Hell Verse
08/11/2016 ,65.0,Comedy, Released, English,20000000.0,180485601.0,AU,Bad Moms
03/27/1987 ,47.0,"Drama, Romance", Released, Italian,129200000.0,947468745.8,IT,"Eleven Days, Eleven Nights"
09/01/2022 ,71.0,Thriller, Released, English,105.0,94909.0,AU,The Good Neighbor
07/02/1981 ,70.0,"Adventure, Fantasy", Released, English,11000000.0,34967437.0,AU,Excalibur
12/07/2001 ,61.0,"Thriller, Action, Comedy, Crime", Released, English,27000000.0,12881605.0,GB,The 51st State
03/01/1987 ,70.0,"Comedy, Crime", Released, English,6000000.0,29180280.0,US,Raising Arizona
08/17/1984 ,69.0,"Romance, Action, Comedy, Crime", Released, Cantonese,107800000.0,578253582.0,HK,Wheels on Meals
01/20/2023 ,58.0,"Romance, Comedy", Released, English,157600000.0,277948016.0,US,You People
10/31/1985 ,70.0,"Comedy, Horror", Released, English,30000000.0,40520649.0,AU,Fright Night
08/21/2004 ,72.0,"Action, Animation, Comedy", Released, Japanese,120497600.0,506565760.2,JP,Hidden Leaf Village Grand Sports Festival!
07/14/2021 ,82.0,"Comedy, Drama", Released, English,7000000.0,1593173.0,AU,The Kid
03/25/2021 ,72.0,"Family, Comedy, Adventure, Animation, Fantasy", Released, English,45000000.0,150976764.0,AU,Peter Rabbit 2: The Runaway
11/05/1998 ,44.0,"Thriller, Science Fiction, Action, Adventure", Released, English,60000000.0,48585416.0,AU,The Avengers
01/22/2004 ,60.0,"Comedy, Romance", Released, English,42000000.0,173044410.0,AU,Along Came Polly
04/06/2023 ,72.0,"Horror, Mystery", Released, English,92000000.0,462216471.8,AU,The Pope's Exorcist
10/20/2022 ,63.0,"Horror, Thriller", Released, English,81800000.0,408307377.8,AU,V/H/S/99
08/09/2001 ,57.0,"Thriller, Science Fiction, Action, Adventure", Released, English,5800000.0,33398936.0,AU,Planet of the Apes
11/07/2000 ,68.0,"Family, Animation", Released, English,79000000.0,601957369.0,US,Joseph: King of Dreams
06/23/2017 ,52.0,"Drama, Horror, Science Fiction", Released, English,6000000.0,180851.0,US,The Bad Batch
10/18/1989 ,74.0,"Comedy, Romance, Drama", Released, English,16000000.0,92823546.0,AU,When Harry Met Sally...
11/09/2017 ,10.0,Romance, Released, Korean,201940000.0,38157314.0,KR,My Student's Mom 2
09/10/2021 ,67.0,Action, Released, English,37800000.0,638719244.4,US,Kate
02/14/2020 ,68.0,"Action, Drama, Thriller", Released, Swedish,32710000.0,98157.0,SE,Breaking Surface
09/06/2014 ,50.0,"Adventure, Science Fiction, TV Movie, Horror, Fantasy, Mystery", Released, English,163600000.0,631865869.8,US,Crystal Skulls
07/08/1993 ,67.0,"Drama, Mystery, Thriller", Released, English,42000000.0,270340892.0,AU,The Firm
11/04/2022 ,66.0,Action, Released, French,99400000.0,341205403.4,FR,Overdose
12/07/2000 ,57.0,"Thriller, Action, Science Fiction", Released, English,80000000.0,33463969.0,AU,Red Planet
08/29/2009 ,80.0,Drama, Released, Hindi,2600000.0,28430000.0,AU,Like Stars on Earth
10/29/2021 ,62.0,"Action, Drama, Thriller", Released, English,11920689.0,67413.0,US,13 Minutes
02/08/2018 ,54.0,"Thriller, History, Drama", Released, English,30000000.0,56096200.0,AU,The 15:17 to Paris
10/19/2017 ,69.0,"Action, Thriller", Released, English,35000000.0,145374099.0,AU,The Foreigner
09/10/2020 ,64.0,"Comedy, Horror", Released, English,51400000.0,632358003.8,AU,The Babysitter: Killer Queen
06/16/1994 ,59.0,"Action, Comedy, Crime", Released, English,50000000.0,119180938.0,AU,Beverly Hills Cop III
07/13/2017 ,76.0,"Fantasy, Action, Adventure", Released, Chinese,95000000.0,968154371.2,CN,Wu Kong
06/21/2018 ,81.0,"Drama, War, History", Released, Turkish,4172781.0,60006602.2,KR,Ayla: The Daughter of War
09/20/2013 ,62.0,"Comedy, Crime", Released, English,13200000.0,64065.0,CA,The Art of the Steal
03/27/2017 ,71.0,"Family, Animation", Released, English,132171600.0,884020573.6,US,Monster High: Electrified
08/31/2017 ,49.0,"Horror, Thriller, Fantasy", Released, English,9000000.0,155615727.0,RU,Escape Room
01/01/1986 ,62.0,"Adventure, Action, Comedy, Romance", Released, English,25000000.0,96773200.0,AU,The Jewel of the Nile
01/22/2020 ,74.0,"Action, Comedy", Released, Korean,88240000.0,335240483.0,KR,Hitman: Agent Jun
12/22/2022 ,65.0,Comedy, Released," Spanish, Castilian",100000000.0,246367071.0,CO,El último hombre sobre la Tierra
08/17/2022 ,58.0,"Romance, Drama", Released, Norwegian,99400000.0,588699039.2,NO,Royalteen
01/21/1982 ,68.0,Comedy, Released, English,11000000.0,31672000.0,AU,History of the World: Part I
12/31/2013 ,67.0,"Animation, Fantasy, Adventure", Released, Japanese,89000000.0,407893232.8,JP,Sword Art Online: Extra Edition
04/18/2019 ,77.0,Drama, Released, English,14000000.0,49231674.0,AU,Breakthrough
10/22/2020 ,63.0,"Crime, Drama, Comedy", Released, English,43040000.0,829900.0,AU,Kajillionaire
09/22/2022 ,66.0,"Horror, Drama", Released, Macedonian,39677129.0,125000.0,AU,You Won't Be Alone
12/05/2014 ,65.0,"Family, Animation, Adventure, Comedy", Released, English,132000000.0,366942531.0,AU,Penguins of Madagascar
11/17/1994 ,85.0,"Comedy, Drama, Romance", Released, English,55000000.0,679835137.0,AU,Forrest Gump
12/03/1964 ,70.0,"Action, Adventure, Comedy", Released, English,9400000.0,60000000.0,AU,"It's a Mad, Mad, Mad, Mad World"
09/30/2022 ,63.0,Documentary, Released, English,90000000.0,433079565.6,AU,What We Leave Behind
09/04/2015 ,70.0,"Animation, Adventure, Comedy, Family", Released," Spanish, Castilian",5300000.0,26072723.0,MX,Huevos: Little Rooster's Egg-Cellent Adventure
05/01/1988 ,47.0,"Adventure, Comedy", Released, Italian,1000000.0,12931420.0,IT,The Green Inferno
12/19/2014 ,80.0,"History, Drama, Thriller, War", Released, English,15000000.0,227328585.0,AU,The Imitation Game
11/01/1984 ,61.0,"Science Fiction, Adventure, Thriller", Released, English,21000000.0,98566278.4,AU,The Philadelphia Experiment
06/01/2011 ,58.0,"Action, Crime, Thriller", Released, English,8000000.0,50940321.4,AU,S.W.A.T.: Firefight
07/29/2016 ,57.0,"Drama, Horror, Science Fiction", Released, English,1890009.2,551760.0,US,Viral
11/15/2007 ,61.0,"Comedy, Drama, Romance", Released, English,5000000.0,346592.0,US,Meet Bill
04/17/2010 ,81.0,"Animation, Comedy, Family", Released, Japanese,124000000.0,752364323.2,JP,Crayon Shin-chan: Super-Dimension! The Storm Called My Bride
05/10/2004 ,43.0,"Adventure, Horror, Action, Science Fiction", Released, English,7000000.0,1647997.6,AU,Starship Troopers 2: Hero of the Federation
08/30/1996 ,70.0,"Action, Crime, Drama, Thriller", Released, Danish,965000.0,191820413.2,DK,Pusher
10/18/2001 ,58.0,Comedy, Released, English,45000000.0,141189101.0,AU,Scary Movie 2
05/12/2023 ,0.0,"Crime, Mystery, Thriller", Released, English,223940000.0,178359863.0,US,Hypnotic
08/25/2017 ,57.0,"Horror, Thriller, Mystery", Released, English,92400000.0,311918067.6,US,Ghost House
10/22/2009 ,71.0,Drama, Released, Greek,275576.0,110197.0,GR,Dogtooth
11/26/2021 ,63.0,"Animation, Comedy", Released, English,83400000.0,191964060.4,US,Madagascar: A Little Wild Holiday Goose Chase
04/18/2009 ,73.0,"Animation, Crime, Mystery, Thriller", Released, Japanese,69600000.0,471065724.6,JP,Detective Conan: The Raven Chaser
09/21/2017 ,65.0,"Family, Animation, Action, Adventure, Comedy", Released, English,70000000.0,122737201.0,AU,The Lego Ninjago Movie
08/11/2011 ,52.0,"Adventure, Action, Thriller, Science Fiction", Released, English,200000000.0,219535492.0,AU,Green Lantern
05/04/2000 ,82.0,"Action, Drama, Adventure", Released, English,103000000.0,452282115.0,AU,Gladiator
02/13/2003 ,58.0,"Action, Comedy", Released, English,25000000.0,40796145.0,AU,Undercover Brother
09/08/2022 ,57.0,"Drama, Comedy, Horror", Released, English,149000000.0,250984619.6,AU,Flux Gourmet
08/15/2019 ,80.0,"Family, Adventure, Drama", Released, English,20610000.0,2520000.0,AU,A Dog's Journey
05/14/2021 ,60.0,"Drama, Crime, Mystery, Thriller", Released, English,40000000.0,0.0,AU,The Woman in the Window
10/03/2007 ,67.0,"Thriller, Crime, Drama, Horror", Released, English,25000000.0,31635150.0,US,The Girl Next Door
04/04/2012 ,63.0,Comedy, Released, English,50000000.0,236799211.0,AU,American Reunion
10/24/2019 ,58.0,"Adventure, Animation, Family, Fantasy", Released, German,6324600.0,521149.0,DE,Bayala: A Magical Adventure
03/01/2013 ,47.0,"Horror, Thriller", Released, English,4000000.0,25448707.0,US,The Last Exorcism Part II
02/15/2019 ,78.0,"Action, Adventure, Comedy, Fantasy, Romance, Animation", Released, Japanese,163860000.0,679859142.6,JP,Is It Wrong to Try to Pick Up Girls in a Dungeon?: Arrow of the Orion
06/16/2018 ,72.0,"Animation, Family, Fantasy, Adventure, Drama", Released, Japanese,33291535.2,27526961.0,AU,Mirai
03/15/2002 ,76.0,"Drama, Romance", Released," Spanish, Castilian",5389600.0,64803131.0,ES,Talk to Her
09/14/2022 ,86.0,"Comedy, Fantasy", Released," Spanish, Castilian",121500000.0,895465912.4,MX,Cuando Sea Joven
04/08/2023 ,0.0,"TV Movie, Comedy, Romance", Released, English,246000000.0,178359863.0,US,The Professional Bridesmaid
07/01/1987 ,75.0,"Western, Action, Adventure", Released, English,90000000.0,162122642.0,AU,The Magnificent Seven
02/11/2016 ,76.0,"Action, Adventure, Comedy", Released, English,58000000.0,781947691.0,AU,Deadpool
06/24/2020 ,73.0,"Horror, Action, Adventure, Thriller", Released, Korean,6300000.0,13416285.0,KR,#Alive
03/19/1987 ,75.0,"Drama, Thriller, Mystery", Released, English,18000000.0,77200000.0,AU,The Name of the Rose
04/23/2015 ,72.0,"Comedy, Drama, War", Released, English,20000000.0,17769299.0,US,Little Boy
05/14/1987 ,71.0,"Horror, Mystery", Released, English,17000000.0,17186348.0,AU,Angel Heart
02/20/2020 ,66.0,"Adventure, Family", Released, German,37077129.0,3666620.0,DE,Lassie Come Home
08/31/1994 ,64.0,"Comedy, Romance", Released, English,38425000.0,18137661.0,US,Milk Money
01/23/1991 ,52.0,Horror, Released, Cantonese,170400000.0,140616760.0,HK,Erotic Ghost Story II
02/26/2016 ,60.0,"Thriller, Drama", Released, English,8000000.0,30664525.2,US,Standoff
11/01/2022 ,59.0,Crime, Released," Dutch, Flemish",121000000.0,466223042.0,NL,The Takeover
06/19/2020 ,60.0,"Horror, Thriller", Released, English,84600000.0,178745725.6,US,You Should Have Left
12/28/1971 ,64.0,"Adventure, Action, Thriller", Released, English,7200000.0,115999985.0,AU,Diamonds Are Forever
01/05/2023 ,64.0,"Crime, Thriller, Drama", Released, English,104580000.0,260353036.4,AU,Transfusion
04/21/2011 ,68.0,"Adventure, Fantasy, Action", Released, English,150000000.0,449326618.0,AU,Thor
08/27/2021 ,42.0,"Action, Animation, Fantasy", Released, Japanese,130500000.0,181183628.4,JP,Fate/kaleid liner Prisma☆Illya: Licht Nameless Girl
11/15/1984 ,75.0,"Comedy, Fantasy", Released, English,30000000.0,295585416.0,AU,Ghostbusters
07/14/2016 ,57.0,"Action, Adventure, Drama, History", Released, Norwegian,5233963.0,30150779.2,DK,The Last King
01/01/1973 ,50.0,"Comedy, Drama", Released, Italian,156000000.0,952321336.0,IT,When Love Is Lust
11/01/1928 ,60.0,"Drama, War", Released, English,1005000.0,2305000.0,US,Noah's Ark
10/10/2020 ,64.0,Horror, Released," Spanish, Castilian",92600000.0,353391998.4,ES,La Casa
10/19/1990 ,62.0,"Drama, Romance", Released, English,14586840.6,17487531.0,US,White Palace
09/23/2013 ,69.0,"Crime, Drama, Comedy", Released, English,5000000.0,9114264.0,AU,Filth
10/24/2014 ,67.0,"Horror, Thriller", Released, English,9000000.0,111534881.0,AU,The Purge: Anarchy
01/13/2018 ,68.0,"Action, Science Fiction, Animation", Released, Japanese,56745539.8,2732673.0,JP,Mazinger Z: Infinity
01/08/2009 ,76.0,Drama, Released, English,54000000.0,166617328.0,AU,Seven Pounds
04/19/2019 ,53.0,Horror, Released, English,95000000.0,338365977.2,US,The Farm
10/31/2015 ,74.0,"Animation, Music, Family", Released, English,2974504.6,222840.0,AU,My Little Pony: Equestria Girls: Friendship Games
12/06/2018 ,62.0,"Adventure, Science Fiction", Released, English,100000000.0,85481904.0,AU,Mortal Engines
02/03/1993 ,69.0,"Adventure, Comedy, Drama, Family", Released, English,114800000.0,483241895.8,US,Homeward Bound: The Incredible Journey
11/02/1972 ,87.0,"Drama, Crime", Released, English,7000000.0,270007394.0,AU,The Godfather
06/18/2021 ,58.0,"Horror, Mystery, Thriller", Released, English,102300000.0,343979678.0,US,False Positive
02/12/2021 ,68.0,"Action, Adventure, Drama, Fantasy, Romance", Released, Chinese,81200000.0,443238805.8,CN,The Yin Yang Master
02/11/1998 ,60.0,"Comedy, Fantasy", Released, French,23030000.0,66000000.0,FR,The Visitors II: The Corridors of Time
05/29/2009 ,57.0,"Action, Adventure, Horror, Science Fiction, Thriller", Released, English,30000000.0,5874530.0,AU,Blood: The Last Vampire
01/23/2015 ,71.0,"Music, Animation, Family, Fantasy", Released, English,30672739.2,13603453.0,US,Strange Magic
10/31/2002 ,72.0,"Horror, Thriller, Science Fiction", Released, English,5000000.0,85720385.0,AU,28 Days Later
11/06/2009 ,56.0,"Comedy, Horror", Released, English,10000.0,10801445.6,US,Porn Star Zombies
09/07/2001 ,67.0,"Music, Drama, Comedy", Released, English,38000000.0,19317765.0,US,Rock Star
08/21/1991 ,54.0,"Drama, Romance", Released, Italian,88000000.0,314837194.0,IT,The Flesh
05/29/2014 ,71.0,"Action, Crime, Thriller", Released, Korean,23622012.8,19004.0,KR,A Hard Day
04/04/2021 ,79.0,"Animation, Fantasy, Action, TV Movie", Released, French,149860000.0,660957374.4,FR,Miraculous World: Shanghai – The Legend of Ladydragon
06/09/2022 ,58.0,Drama, Released," Spanish, Castilian",61498000.0,254671383.8,MX,The Hole in the Fence
05/21/2018 ,47.0,"Science Fiction, Action, Horror", Released, English,28000000.0,1174698.8,US,The Jurassic Games
02/21/2020 ,51.0,Horror, Released, English,3601100.0,130023.0,AU,Sator
05/07/1943 ,78.0,"Mystery, Crime, Thriller", Released, English,375000.0,1772000.0,AU,The Maltese Falcon
03/11/2008 ,75.0,"Drama, Thriller", Released, German,7500000.0,19000000.0,DE,The Wave
04/20/2007 ,70.0,"Drama, Comedy, Romance", Released, English,9490400.0,2294291.0,US,Cashback
03/04/2015 ,55.0,"Adventure, Fantasy", Released, English,95000000.0,108874967.0,AU,Seventh Son
09/25/2005 ,75.0,"Romance, Drama, History", Released, English,88000000.0,105021488.0,AU,Cinderella Man
05/19/1990 ,58.0,"Fantasy, Drama, Horror", Released, Cantonese,95000000.0,292616817.4,HK,Erotic Ghost Story
11/08/2018 ,61.0,"Action, Crime, Thriller, Drama", Released, English,43000000.0,35164920.0,AU,The Girl in the Spider's Web
12/19/2018 ,0.0,Romance, Released, Korean,181600000.0,175269998.8,KR,Delicious Sisters
08/27/1981 ,64.0,"Science Fiction, Action", Released, English,16000000.0,17374595.0,GB,Outland
11/04/1993 ,62.0,"Drama, Horror", Released, English,14586840.6,15185672.0,AU,Needful Things
02/08/1980 ,67.0,Horror, Released, English,18000000.0,37048526.0,US,The Fog
11/07/2019 ,71.0,"Horror, Thriller, Fantasy", Released, English,45000000.0,71720838.0,AU,Doctor Sleep
02/13/2020 ,59.0,"Horror, Fantasy, Adventure, Mystery, Action", Released, English,7000000.0,48518957.0,AU,Fantasy Island
02/22/1986 ,66.0,"Action, Adventure, Thriller", Released, English,10000000.0,35078913.0,AU,Commando
02/20/2020 ,66.0,"Drama, Romance", Released, Chinese,105200000.0,290912102.0,KR,Female Urologists 2
09/05/2005 ,72.0,"Adventure, Fantasy, Animation, Drama, Family", Released, Japanese,24840000.0,54016370.0,AU,The Cat Returns
10/05/2006 ,61.0,"Drama, History, Thriller", Released, English,65000000.0,163295654.0,AU,World Trade Center
10/18/2018 ,46.0,"Science Fiction, Action, Adventure, Comedy, TV Movie", Released, English,3000000.0,4321825.2,AU,The Last Sharknado: It's About Time
08/24/2013 ,61.0,"Action, Animation, Drama, Romance", Released, Japanese,127000000.0,463206591.2,JP,Hakuouki: Wild Dance of Kyoto
04/23/2016 ,76.0,"Animation, Drama, Romance", Released, Japanese,61000000.0,339269019.4,JP,I've Always Liked You
01/01/2023 ,62.0,"Drama, Adventure, Family", Released, English,178000000.0,528252215.4,AU,Blueback
08/01/1968 ,68.0,"Action, Science Fiction", Released, Japanese,57664639.8,1568760.0,JP,Destroy All Monsters
03/21/2022 ,69.0,"Fantasy, Adventure, Action", Released, English,149000000.0,526557525.4,GB,Dragon Knight
07/22/2022 ,55.0,"Comedy, Fantasy, Romance", Released," Spanish, Castilian",99400000.0,405141837.6,ES,HollyBlood
01/06/2022 ,58.0,"Science Fiction, Horror", Released, English,134000000.0,308786595.8,RU,Project Gemini
07/05/2018 ,61.0,"Romance, Thriller, Drama", Released, French,7110000.0,4248574.0,AU,Double Lover
11/11/2016 ,64.0,"Fantasy, Romance, Horror, Comedy", Released, English,37445000.0,228894.0,US,The Love Witch
12/03/1990 ,63.0,Drama, Released," Spanish, Castilian",87000000.0,416389640.0,ES,The Ages of Lulu
08/31/2000 ,63.0,Comedy, Released, English,19000000.0,277200000.0,AU,Scary Movie
02/27/2009 ,48.0,"Action, Horror, Adventure", Released, English,117000000.0,524253075.6,US,Anacondas: Trail of Blood
01/11/2019 ,60.0,"Science Fiction, Thriller, Drama", Released, English,4000000.0,0.0,US,Replicas
08/08/1996 ,63.0,"Drama, Fantasy, Romance, Science Fiction", Released, English,32000000.0,152036382.0,AU,Phenomenon
02/04/2020 ,69.0,"Fantasy, Action, Adventure", Released, English,155400000.0,294763505.4,US,Dragonheart: Vengeance
10/10/1957 ,85.0,Drama, Released, English,340000.0,379.0,AU,12 Angry Men
02/22/2018 ,67.0,"Animation, Adventure, Family", Released, English,50000000.0,346727372.0,AU,Peter Rabbit
08/23/1985 ,62.0,"Comedy, Fantasy, Romance", Released, English,1200000.0,80000000.0,US,Teen Wolf
06/08/2022 ,70.0,"Documentary, Music", Released, English,152000000.0,628779204.4,US,Halftime
10/16/2013 ,71.0,"Drama, Romance, Thriller", Released, English,1030064.0,128899822.4,US,Kill Your Darlings
04/08/2016 ,71.0,"Music, Romance, Drama", Released, English,25091412.8,2093725.0,US,High Strung
03/30/2023 ,45.0,Romance, Released, English,114500000.0,180591246.6,US,Wait With Me
03/04/2021 ,67.0,"Fantasy, Science Fiction, Adventure", Released, English,100000000.0,27072169.0,AU,Chaos Walking
11/12/2021 ,62.0,Drama, Released, Tagalog,110800000.0,408974526.0,PH,Mahjong Nights
10/05/2022 ,66.0,"Crime, Drama", Released," Spanish, Castilian",76400000.0,651222288.2,BR,Togo
06/17/2022 ,72.0,"Comedy, Drama, Romance", Released, English,111400000.0,541920183.6,US,Cha Cha Real Smooth
03/25/2016 ,73.0,"Science Fiction, Comedy, Action", Released, Japanese,48600000.0,493136851.8,JP,Assassination Classroom: Graduation
12/26/2014 ,62.0,"Adventure, Comedy, Fantasy, Family", Released, English,127000000.0,353756621.0,AU,Night at the Museum: Secret of the Tomb
07/23/2014 ,62.0,"Thriller, Crime, Horror", Released, English,30000000.0,87956618.0,AU,Deliver Us from Evil
09/12/2005 ,72.0,Drama, Released, English,30000000.0,23676771.0,US,North Country
04/06/2023 ,65.0,"Drama, Thriller", Released, English,147400000.0,445526734.8,US,On a Wing and a Prayer
04/03/2014 ,63.0,"Comedy, Adventure, Crime, Family", Released, English,55000000.0,79312301.0,AU,Muppets Most Wanted
02/27/1987 ,67.0,"Horror, Thriller", Released, English,4000000.0,44800000.0,US,A Nightmare on Elm Street 3: Dream Warriors
08/18/2022 ,43.0,"Thriller, Horror", Released," Spanish, Castilian",107300000.0,900923384.4,MX,Sonríe
05/13/2011 ,55.0,"Crime, Horror, Thriller", Released, Serbian,3840000.0,1541.0,US,A Serbian Film
04/28/2005 ,67.0,"Adventure, Comedy, Science Fiction", Released, English,45000000.0,102746214.0,AU,The Hitchhiker's Guide to the Galaxy
11/25/2004 ,66.0,"Adventure, Action, Thriller, Mystery", Released, English,100000000.0,331323410.0,AU,National Treasure
07/13/2022 ,30.0,Comedy, Released," Spanish, Castilian",15541000.0,38139010.0,CO,Si Saben Como me pongo Pa Que Me Invitan? 2
07/01/1979 ,71.0,"Comedy, Adventure, Music, Family", Released, English,8000000.0,76657000.0,AU,The Muppet Movie
10/14/2020 ,83.0,"Documentary, Music", Released, Korean,107800000.0,575059686.0,US,BLACKPINK: Light Up the Sky
01/06/2011 ,76.0,"Animation, Family", Released, English,260000000.0,583777242.0,AU,Tangled
04/08/2023 ,0.0,Music, Released, Tagalog,213940000.0,175269998.8,PH,Kahit Maputi na ang Buhok Ko
09/17/2021 ,71.0,"Thriller, Drama, History", Released, French,128200000.0,538366666.0,FR,The Mad Women's Ball
01/01/1992 ,54.0,"Horror, Drama, Fantasy", Released, Cantonese,3380017.8,1201428.0,HK,Erotic Ghost Story III
10/27/2005 ,65.0,"Crime, Drama, Horror, Thriller", Released, English,18000000.0,144529078.0,AU,The Exorcism of Emily Rose
05/27/1993 ,51.0,"Thriller, Crime", Released, Cantonese,115400000.0,233023741.6,HK,Raped by an Angel
11/20/2003 ,68.0,"Romance, Comedy", Released, English,18000000.0,57490024.0,AU,Under the Tuscan Sun
11/18/2022 ,72.0,"Horror, Thriller, Comedy", Released, English,30000000.0,73040804.0,AU,The Menu
11/26/1992 ,68.0,"Comedy, Fantasy, Horror", Released, English,55000000.0,149022650.0,AU,Death Becomes Her
12/21/2006 ,62.0,"Adventure, Animation, Comedy, Family", Released, English,149000000.0,179357126.0,AU,Flushed Away
10/20/2017 ,59.0,"Horror, Drama, Science Fiction", Released, French,12000000.0,2062406.0,CA,Ravenous
03/15/1990 ,64.0,"Comedy, Crime", Released, English,6500000.0,30218387.0,AU,Weekend at Bernie's
07/14/2022 ,57.0,"Animation, Adventure, Family, Action, Comedy, Science Fiction", Released, Turkish,87200000.0,387787979.0,TR,King Shakir Recycle
11/16/2012 ,62.0,"Comedy, Action", Released, English,42000000.0,73239258.0,AU,Here Comes the Boom
02/04/2010 ,74.0,Drama, Released, English,10000000.0,47536959.0,AU,Precious
02/13/1991 ,71.0,Drama, Released, Italian,100000000.0,369861963.8,IT,Paprika
09/04/2020 ,54.0,"Drama, Romance", Released, Korean,88000000.0,314837194.0,KR,Hot Hair Salon
02/14/2019 ,79.0,"Drama, History, Family", Released, English,160000000.0,527512518.0,GB,The Boy Who Harnessed the Wind
09/18/2008 ,78.0,"Adventure, Animation, Comedy, Family, Fantasy, Music", Released, English,100780000.0,892986395.2,AU,Scooby-Doo! and the Goblin King
08/30/2018 ,69.0,Drama, Released, English,900000.0,2019874.0,AU,The Miseducation of Cameron Post
03/28/1996 ,58.0,"Crime, Comedy", Released, English,4000000.0,4301000.0,AU,Four Rooms
06/06/2012 ,60.0,Drama, Released, Korean,73800000.0,346352260.6,KR,The Concubine
04/21/2016 ,69.0,Action, Released, Russian,10000000.0,27305571.0,RU,Flight Crew
03/28/2019 ,70.0,"Horror, Thriller, Mystery", Released, English,20000000.0,256022707.0,AU,Us
10/13/2022 ,63.0,Horror, Released," Spanish, Castilian",87000000.0,476680473.8,GT,Solo Somos Carne
12/09/1983 ,57.0,"Drama, Music", Released, English,22000000.0,64892670.0,AU,Staying Alive
11/05/2014 ,73.0,"Drama, Romance, War", Released, English,15000000.0,9104716.0,US,Suite Française
11/26/2010 ,70.0,"Animation, Family, TV Movie, Comedy, Fantasy", Released, English,93980000.0,614670527.8,US,Kung Fu Panda Holiday
09/13/2011 ,68.0,"Action, Mystery, Science Fiction, Horror", Released, Japanese,95380000.0,711465423.2,AU,Gantz: Perfect Answer
11/26/2014 ,68.0,"Animation, Romance", Released, Japanese,77300000.0,485195666.4,AU,Hal
10/05/2011 ,64.0,"Comedy, Family, Romance", Released, English,95800000.0,379962256.2,AU,A Cinderella Story: Once Upon a Song
07/16/1993 ,71.0,"Fantasy, Comedy, Family", Released, English,28000000.0,45147989.0,US,Hocus Pocus
10/03/2002 ,59.0,"Action, Adventure, Thriller", Released, English,70000000.0,267200000.0,AU,xXx
05/24/1996 ,72.0,"Comedy, Drama", Released, English,800000.0,5034794.0,US,Welcome to the Dollhouse
05/12/2016 ,58.0,Comedy, Released, English,35000000.0,108757621.0,AU,Neighbors 2: Sorority Rising
12/16/2021 ,74.0,"Animation, Comedy, TV Movie", Released, English,140000000.0,688934822.0,US,South Park: Post COVID: The Return of COVID
05/18/2006 ,60.0,"Action, Drama", Released, English,92200000.0,254504167.2,IL,Comrade
08/04/2013 ,59.0,"Animation, Family", Released, English,146740000.0,367062648.8,US,Tom and Jerry's Giant Adventure
06/16/2023 ,0.0,"Comedy, Romance, Science Fiction", Post Production, English,205000000.0,178359863.0,US,Asteroid City
03/28/2022 ,69.0,"Animation, Family", Released, English,82500000.0,370310855.0,AU,Rumble
08/25/2017 ,62.0,Horror, Released," Spanish, Castilian",80200000.0,338842741.4,ES,Veronica
12/16/2021 ,80.0,"Action, Adventure, Science Fiction", Released, English,200000000.0,1910048245.0,AU,Spider-Man: No Way Home
06/06/2019 ,58.0,"Science Fiction, Drama, Mystery", Released, English,8933400.0,2133033.0,AU,High Life
04/07/1928 ,82.0,"Drama, Science Fiction", Released, German,15000000.0,1405032.0,AU,Metropolis
12/26/2016 ,64.0,Comedy, Released, English,38000000.0,117425156.0,AU,Why Him?
08/11/1971 ,42.0,Drama, Released, French,61100000.0,431483072.0,FR,I Am a Nymphomaniac
10/02/2020 ,54.0,"Horror, Thriller, Drama", Released, Italian,98200000.0,247240931.6,IT,The Binding
09/16/2022 ,75.0,Documentary, Released, English,98800000.0,580810039.6,US,Skandal! Bringing Down Wirecard
04/17/1993 ,62.0,"Comedy, Romance, Drama", Released, Cantonese,8440000.0,1575158.0,HK,Crazy Love
02/05/2015 ,56.0,Horror, Released," Spanish, Castilian",141600000.0,522659686.2,MX,File 253
07/13/2003 ,56.0,"Fantasy, Drama, Comedy, Science Fiction", Released, English,137800000.0,627815705.0,US,Shortcut to Happiness
12/11/2020 ,71.0,"Animation, Drama, Romance", Released, Japanese,117000000.0,310581759.0,JP,"Yes, No, or Maybe Half?"
12/04/2020 ,53.0,"Horror, Mystery, Thriller, Science Fiction", Released, English,122800000.0,611381558.2,US,What Lies Below
01/05/2023 ,70.0,"Animation, Comedy, Family, Adventure, Fantasy", Released," Spanish, Castilian",12300000.0,34200000.0,AU,Mummies
02/10/2022 ,63.0,Thriller, Released, English,3500000.0,192301839.8,US,Kimi
07/29/2010 ,59.0,"Action, Comedy, Thriller, Romance", Released, English,75000000.0,95572749.0,AU,Killers
08/16/2013 ,65.0,"Animation, Family, Comedy", Released, English,135000000.0,566629667.4,US,Phineas and Ferb: Mission Marvel
12/30/2021 ,72.0,"Family, Adventure, Comedy, Fantasy", Released, English,64000000.0,78418101.0,AU,Clifford the Big Red Dog
07/28/2012 ,76.0,"Animation, Fantasy, Action", Released, Japanese,44304333.2,17900000.0,JP,Road to Ninja: Naruto the Movie
04/03/2018 ,71.0,"Music, Drama", Released, English,74600000.0,332878760.2,US,Honey: Rise Up and Dance
06/14/2012 ,62.0,"Comedy, Drama, Music, Romance", Released, English,70000000.0,61031932.0,AU,Rock of Ages
12/21/1994 ,73.0,"Drama, Romance", Released, English,15000000.0,50003303.0,US,Little Women
12/07/2011 ,61.0,"Drama, Romance", Released, German,230758.0,84563373.8,DE,Hotel Desire
08/18/2014 ,68.0,"Romance, Drama, Music", Released, English,45000000.0,86165646.0,AU,Step Up All In
08/31/2016 ,35.0,"Romance, Family, Drama", Released, Korean,47270000.0,329856760.8,KR,My Brother's Wife 2
04/27/1972 ,75.0,"Action, Crime, Thriller", Released, English,4000000.0,35976000.0,AU,Dirty Harry
02/18/2012 ,66.0,"Animation, Family, Adventure, Drama, Fantasy", Released, Japanese,102000000.0,677502761.6,AU,Pokémon the Movie: White - Victini and Zekrom
08/19/2004 ,78.0,"Drama, Romance", Released, English,2000000.0,11217346.0,AU,Before Sunset
07/01/2022 ,72.0,Horror, Released, English,1500000.0,123516163.2,AU,The Exorcism of God
01/26/2020 ,69.0,Documentary, Released, English,50000000.0,83306268.0,US,Assassins
09/05/2019 ,67.0,"Thriller, Action", Released, French,4357373.0,1200000.0,AU,Anna
04/07/2023 ,60.0,"Action, Thriller, Comedy", Released, Telugu,95200000.0,361666202.0,IN,Ravanasura
05/22/2014 ,65.0,"Drama, Horror", Released, English,2000000.0,7482387.0,AU,The Babadook
05/20/2009 ,66.0,"Thriller, Action", Released, Cantonese,138400000.0,490985494.0,US,Vengeance
07/02/2004 ,63.0,"Fantasy, Animation, Science Fiction, Family, Action", Released, English,117000000.0,487028566.2,AU,Atlantis: Milo's Return
10/21/2022 ,79.0,"Drama, Romance", Released, English,82000000.0,451733161.2,US,My Policeman
01/30/2004 ,64.0,"Drama, Horror", Released, English,190800000.0,558458343.4,US,Ginger Snaps 2: Unleashed
06/09/1978 ,64.0,"Horror, Thriller", Released, English,6800000.0,26518355.0,US,Damien: Omen II
11/22/2007 ,62.0,Horror, Released, English,15000000.0,77514401.0,AU,Halloween
12/14/2000 ,62.0,Comedy, Released, English,28000000.0,90449929.0,AU,Bring It On
08/29/2019 ,60.0,"Fantasy, Thriller, Crime", Released, Chinese,1413543.0,1862261.0,TW,The 9th Precinct
10/21/2005 ,62.0,Comedy, Released, English,161400000.0,287419513.4,US,Barely Legal
06/10/2010 ,60.0,"Drama, History, Horror", Released, English,17998800.0,382879.0,AU,Black Death
10/28/2020 ,74.0,Documentary, Released, English,79500000.0,708023892.4,US,Secrets of the Saqqara Tomb
11/04/2016 ,79.0,"Family, Drama", Released, English,8000000.0,17368520.0,GB,A Street Cat Named Bob
03/15/1990 ,63.0,"Comedy, Romance", Released, English,7500000.0,296999813.0,AU,Look Who's Talking
03/25/2004 ,56.0,"Thriller, Fantasy, Comedy, Family, Mystery", Released, English,90000000.0,155750628.0,AU,The Haunted Mansion
06/16/2016 ,79.0,"Drama, Romance", Released, English,20000000.0,208064908.0,AU,Me Before You
02/20/1998 ,61.0,"Comedy, Romance", Released, English,20846151.6,13035599.0,US,Senseless
03/29/2023 ,68.0,"Adventure, Horror, Comedy, Family", Released," Spanish, Castilian",118500000.0,475938933.6,MX,My Teacher Ate My Friend
06/18/2015 ,64.0,"Family, Animation, Adventure, Comedy", Released, English,74000000.0,1157271759.0,AU,Minions
03/24/2023 ,0.0,Comedy, Released," Spanish, Castilian",264940000.0,175269998.8,ES,GyG 2: El Hotel de los Líos
03/02/2006 ,74.0,"Drama, Thriller, Crime, Romance", Released, English,15000000.0,87950928.0,AU,Match Point
06/01/1973 ,74.0,"Western, Drama, Mystery", Released, English,5500000.0,15700000.0,AU,High Plains Drifter
02/11/2021 ,77.0,"Comedy, Drama", Released, Danish,5150000.0,21700000.0,AU,Another Round
02/02/2007 ,57.0,"Mystery, Thriller, Horror", Released, English,16000000.0,53774833.0,US,The Messengers
12/28/2019 ,73.0,"Family, Animation, Adventure, Comedy, Fantasy", Released, English,150000000.0,1437862795.0,AU,Frozen II
09/09/2004 ,73.0,"Horror, Mystery, Thriller", Released, Thai,8000000.0,47782426.0,TH,Shutter
05/12/2010 ,64.0,"Action, Adventure, Drama", Released, English,210000000.0,322459006.0,AU,Robin Hood
10/25/2018 ,68.0,"Thriller, Drama, Mystery, Crime", Released, English,32000000.0,31178942.0,AU,Bad Times at the El Royale
11/10/2006 ,64.0,"Crime, Drama, Thriller, Action", Released, English,2000000.0,6225304.0,US,Harsh Times
08/22/2013 ,64.0,"Fantasy, Action, Mystery", Released, English,60000000.0,75965567.0,AU,The Mortal Instruments: City of Bones
04/29/1988 ,70.0,"Action, Drama", Released, English,1500000.0,11806119.0,AU,Bloodsport
06/11/2009 ,55.0,"Adventure, Comedy, Science Fiction", Released, English,100000000.0,69548641.0,AU,Land of the Lost
01/19/1989 ,60.0,Comedy, Released, English,15000000.0,216600000.0,AU,Twins
08/24/2011 ,74.0,"Drama, Romance", Released, English,15000000.0,59168692.0,AU,One Day
05/28/2018 ,49.0,"Drama, Romance", Released, Korean,152200000.0,866174577.8,KR,A Female Employee's Taste
08/17/2001 ,66.0,"Animation, Family, Action, Adventure, Drama, Fantasy", Released, Japanese,133000000.0,492378636.4,AU,Pokémon: Mewtwo Returns
03/01/1978 ,75.0,"Comedy, Drama, Romance", Released, French,89400000.0,607859911.4,ES,That Obscure Object of Desire
02/15/1996 ,60.0,"Comedy, Horror, Fantasy", Released, English,30000000.0,10772144.0,AU,Dracula: Dead and Loving It
05/21/2015 ,73.0,Drama, Released, English,11000000.0,58586407.0,AU,Woman in Gold
03/31/2004 ,53.0,"Comedy, Adventure, Family, Fantasy", Released, English,109000000.0,133800000.0,AU,The Cat in the Hat
07/27/1979 ,63.0,Horror, Released, English,18500000.0,109175673.0,US,The Amityville Horror
10/13/1979 ,71.0,"Family, Adventure", Released, English,2700000.0,37799643.0,US,The Black Stallion
10/21/2002 ,63.0,"Comedy, Documentary", Released, English,2000000.0,79282312.0,US,Jackass: The Movie
01/13/2023 ,51.0,"Comedy, Drama, Fantasy, Horror", Released, English,185400000.0,420107149.4,US,Jethica
08/31/2017 ,47.0,"Drama, Romance", Released, Korean,129200000.0,947468745.8,KR,Purpose of Reunion 2
11/30/2018 ,67.0,"Animation, Science Fiction, Action", Released, Japanese,132600000.0,488640213.0,JP,Mobile Suit Gundam Narrative
06/30/2006 ,67.0,"Animation, Comedy, Family, Fantasy", Released, English,75000000.0,141267370.0,US,Monster House
03/29/2002 ,75.0,"Action, Drama, Thriller", Released, Korean,4000000.0,1954937.0,KR,Sympathy for Mr. Vengeance
04/03/1998 ,70.0,"Action, Comedy, Thriller", Released, Cantonese,93340000.0,548578964.6,AU,Contract Killer
01/25/2006 ,69.0,"Action, Adventure, Animation, Comedy", Released, English,126300000.0,401345912.0,AU,Stewie Griffin: The Untold Story
10/27/2008 ,68.0,"Animation, Family, Adventure, Fantasy", Released, English,48000000.0,214714340.0,AU,Tinker Bell
06/02/2001 ,83.0,"Animation, Thriller", Released, Japanese,830000.0,112536.0,AU,Perfect Blue
02/14/2019 ,63.0,"Comedy, Horror, Science Fiction", Released, English,9000000.0,64686515.0,AU,Happy Death Day 2U
08/28/2017 ,57.0,"Thriller, Drama", Released, English,105400000.0,399901684.4,GB,Inconceivable
04/23/2009 ,61.0,Comedy, Released, English,20000000.0,18599102.0,AU,Fired Up!
09/02/2015 ,52.0,Comedy, Released, English,14000000.0,12826644.0,AU,Hot Tub Time Machine 2
07/28/2015 ,72.0,"Action, Animation, Fantasy", Released, English,84200000.0,488059774.2,AU,Justice League: Gods and Monsters
04/16/2016 ,59.0,"Action, Horror, Science Fiction", Released, English,2000000.0,20363381.2,US,Daylight's End
06/16/2018 ,63.0,"Comedy, Animation, Adventure", Released, English,86600000.0,597825126.0,CN,Animal Crackers
04/16/2014 ,67.0,Comedy, Released, French,13000000.0,176404493.0,FR,Serial (Bad) Weddings
05/31/2006 ,58.0,"Comedy, Romance", Released, English,50000000.0,128402901.0,AU,Failure to Launch
07/04/2013 ,60.0,"Action, Drama", Released, English,25000000.0,2054941.0,AU,Man of Tai Chi
06/11/2011 ,61.0,"Adventure, Animation, Family", Released, English,150000000.0,39549758.0,AU,Mars Needs Moms
01/20/2012 ,65.0,"Drama, Action, Adventure, History, War", Released, English,58000000.0,50365498.0,US,Red Tails
07/14/2022 ,50.0,, Released, English,163600000.0,812667214.2,US,Avengers: Quantum Encounter
08/09/1984 ,73.0,"Action, Comedy", Released, English,5000000.0,60000000.0,AU,The Gods Must Be Crazy
06/07/2011 ,67.0,"Action, Adventure, Animation, Science Fiction, Drama", Released, English,3500000.0,304969861.6,US,Green Lantern: Emerald Knights
03/04/2023 ,62.0,Comedy, Released, English,161400000.0,287419513.4,US,Chris Rock: Selective Outrage
12/30/2015 ,71.0,"Animation, Drama, Romance, Comedy", Released, English,8000000.0,5706168.0,US,Anomalisa
02/02/2022 ,64.0,"Comedy, Action", Released, French,43590000.0,7375119.0,FR,Superwho?
10/25/2022 ,67.0,"Action, Drama, Fantasy, Thriller", Released, English,131000000.0,431341845.4,AU,Blade of the 47 Ronin
07/24/2014 ,58.0,"Action, Adventure", Released, English,100000000.0,243388614.0,AU,Hercules
10/09/2012 ,68.0,"Animation, Family", Released, English,98140000.0,494358731.6,US,Monster High: Ghouls Rule
12/25/2021 ,55.0,Comedy, Released, Italian,70800000.0,591573175.2,IT,7 Women and a Murder
10/14/2010 ,72.0,"Crime, Drama, Thriller", Released, English,37000000.0,152566881.0,AU,The Town
03/30/2006 ,79.0,"Action, Thriller, Science Fiction", Released, English,50000000.0,130214162.0,AU,V for Vendetta
07/01/2011 ,68.0,"Comedy, Drama, Family", Released, English,79000000.0,393468426.6,GB,Foster
12/20/2016 ,53.0,"Romance, Family, Drama", Released, Korean,165600000.0,781272777.2,KR,My Wife's Sister
10/10/2001 ,68.0,"Action, Crime, Thriller", Released, English,25000000.0,36833473.0,AU,Kiss of the Dragon
12/02/2016 ,58.0,"Horror, Thriller", Released, English,3970000.0,22003.0,US,Pet
01/15/2009 ,65.0,Comedy, Released, English,28000000.0,94500826.0,AU,Role Models
02/16/2022 ,72.0,Documentary, Released, English,62400000.0,770122832.2,AU,Marvel Studios Assembled: The Making of Eternals
10/11/2002 ,61.0,"Thriller, Horror, Mystery", Released, English,40000000.0,2622015.0,US,Below
09/19/2015 ,76.0,"Animation, Drama, Music, Romance", Released, Japanese,13453000.0,8852989.0,JP,The Anthem of the Heart
10/21/1993 ,70.0,"Drama, Comedy, Romance", Released, English,8000000.0,22549338.0,AU,Much Ado About Nothing
12/23/2021 ,65.0,"Drama, History, War", Released, English,199000000.0,313735614.0,AU,Benediction
08/29/1958 ,77.0,"Drama, Romance", Released, English,3000000.0,17570324.0,US,Cat on a Hot Tin Roof
06/16/2011 ,65.0,"Comedy, Romance", Released, English,32500000.0,289632023.0,AU,Bridesmaids
02/07/2019 ,65.0,"Horror, Thriller, Mystery", Released, English,9000000.0,155615727.0,AU,Escape Room
09/27/1998 ,44.0,"Action, Science Fiction", Released, English,94800000.0,512376076.6,US,Universal Soldier II: Brothers in Arms
01/02/2020 ,53.0,Romance, Released, Korean,121400000.0,492196010.4,KR,Young Aunt 3
07/19/1984 ,73.0,"Adventure, Action", Released, English,28000000.0,333080271.0,AU,Indiana Jones and the Temple of Doom
05/30/1995 ,49.0,"Horror, Fantasy", Released, English,500000.0,2862233.6,US,Embrace of the Vampire
08/16/2018 ,75.0,"Comedy, Crime, Drama, History", Released, English,15000000.0,93411426.0,AU,BlacKkKlansman
07/03/2015 ,84.0,"Animation, Comedy, Drama", Released, Japanese,110880000.0,870531790.4,JP,Haikyuu!! The Movie: The End and the Beginning
08/20/2021 ,66.0,"Action, Thriller", Released, English,58980000.0,8639684.0,AU,The Protégé
02/22/2023 ,60.0,Drama, Released, French,650000.0,0.0,BR,After
09/18/2012 ,63.0,"Thriller, Horror", Released, English,2000000.0,2151887.0,AU,Grave Encounters
10/13/2021 ,75.0,"Family, Adventure", Released, English,11900000.0,15300000.0,FR,The Wolf and the Lion
01/14/2016 ,73.0,"Comedy, Drama", Released, English,28000000.0,133162752.0,AU,The Big Short
10/24/2003 ,72.0,Drama, Released, English,35000000.0,53293628.0,US,Radio
11/07/2012 ,52.0,"Action, Thriller, Crime, Mystery", Released, English,35000000.0,35426759.0,AU,Alex Cross
03/17/2014 ,55.0,Horror, Released, English,49200000.0,427304425.6,US,Exists
04/01/2023 ,60.0,"TV Movie, Comedy, Romance", Released, English,97600000.0,800516044.4,US,Love in the Maldives
03/02/2023 ,73.0,"Drama, Action", Released, English,75000000.0,271616668.0,AU,Creed III
06/28/1990 ,75.0,"Adventure, Comedy, Science Fiction", Released, English,40000000.0,244087259.0,AU,Back to the Future Part III
05/15/1947 ,65.0,"Family, Animation", Released, English,2125000.0,65000000.0,AU,Song of the South
02/16/2018 ,58.0,"Action, Drama, Adventure", Released, English,8101468.0,4873825.0,US,Samson
03/06/1993 ,73.0,"Adventure, Animation", Released, Japanese,4000000.0,14800000.0,JP,Doraemon: Nobita and the Tin Labyrinth
03/17/2016 ,77.0,"Animation, Adventure, Family, Comedy", Released, English,150000000.0,1002462578.0,AU,Zootopia
11/04/2022 ,74.0,"Drama, Horror, Mystery", Released, Indonesian,85200000.0,425925076.6,US,Satan's Slaves 2: Communion
10/25/2018 ,65.0,"Horror, Thriller", Released, English,10000000.0,255416089.0,AU,Halloween
06/17/2022 ,59.0,"Romance, Drama", Released, English,162100000.0,437846475.2,US,First Love
09/02/2022 ,75.0,"Family, Comedy", Released, English,160300000.0,442517578.8,US,Ivy + Bean: Doomed to Dance
02/13/2013 ,67.0,"Drama, Romance", Released, English,49000000.0,71004627.0,AU,Anna Karenina
01/03/2019 ,78.0,"Animation, Family, Adventure", Released, English,129000000.0,521533238.0,AU,How to Train Your Dragon: The Hidden World
01/09/2009 ,59.0,"Action, Thriller, Crime", Released, English,25000000.0,146955378.6,US,Thick as Thieves
07/02/2012 ,71.0,"Documentary, Music", Released, English,12000000.0,32700439.0,AU,Katy Perry: Part of Me
06/20/2008 ,64.0,"Family, Music, Comedy, Drama, TV Movie, Romance", Released, English,142000000.0,426559612.0,US,Camp Rock
10/15/2010 ,67.0,"Animation, Fantasy, Family, Adventure, Comedy, TV Movie", Released, English,123200000.0,517488818.6,US,Legend of the BoneKnapper Dragon
11/12/2002 ,60.0,"Family, Adventure, Comedy, Animation", Released, English,131600000.0,520075508.0,AU,101 Dalmatians II: Patch's London Adventure
08/22/2006 ,43.0,Horror, Released, English,87600000.0,817860943.8,US,I'll Always Know What You Did Last Summer
01/21/2000 ,63.0,"Horror, Thriller", Released, English,32000000.0,89441732.0,AU,Stigmata
03/02/2022 ,77.0,"Crime, Mystery, Thriller", Released, English,200000000.0,766326717.0,AU,The Batman
04/21/2016 ,71.0,"Crime, Thriller", Released," Spanish, Castilian",59700000.0,406691548.2,AR,At the End of the Tunnel
06/29/2017 ,74.0,"Adventure, Drama, Science Fiction, Fantasy", Released, English,50000000.0,273230203.2,AU,Okja
08/21/1999 ,77.0,"Fantasy, Animation, Adventure, Action, Drama", Released, Japanese,175400000.0,482909584.2,JP,Cardcaptor Sakura: The Movie
08/24/2009 ,58.0,"Action, Adventure, Animation, Family, Science Fiction", Released, English,108000000.0,535664841.4,US,Bionicle: The Legend Reborn
03/01/2022 ,75.0,"Drama, Comedy, Romance", Released, French,90200000.0,693402193.4,AU,Waiting for Bojangles
04/05/2023 ,69.0,"Documentary, Music", Released, English,136000000.0,542007794.8,GB,Lewis Capaldi: How I'm Feeling Now
04/19/2016 ,68.0,, Released," Spanish, Castilian",81500000.0,563588855.0,MX,Oro y Polvo
05/27/2010 ,63.0,"Adventure, Fantasy, Action", Released, English,200000000.0,336365676.0,AU,Prince of Persia: The Sands of Time
01/04/2011 ,54.0,"Action, Thriller, Crime", Released, English,6000000.0,8246641.2,US,Ticking Clock
12/05/2014 ,52.0,Horror, Released, English,6500000.0,16861137.0,US,The Pyramid
03/11/1954 ,68.0,"Science Fiction, Action", Released, English,2000000.0,257720413.2,AU,The War of the Worlds
12/04/1994 ,59.0,"History, Drama, TV Movie", Released, English,202400000.0,606550296.2,US,Jacob
08/16/2018 ,76.0,"Action, Drama, Comedy", Released, Chinese,61800000.0,438365838.4,HK,Big Brother
03/08/2012 ,72.0,"Comedy, Drama", Released, English,8000000.0,41334735.0,AU,50/50
06/17/2016 ,74.0,"Family, Drama", Released, English,13000000.0,73773317.0,AU,Miracles from Heaven
10/02/2020 ,54.0,"Thriller, Horror, Comedy, Crime", Released, English,115400000.0,825272362.4,US,12 Hour Shift
12/13/1996 ,73.0,"Science Fiction, Action, Adventure, Thriller", Released, English,46000000.0,150000000.0,AU,Star Trek: First Contact
10/30/2017 ,64.0,"Action, Thriller", Released, English,63000000.0,68310140.0,AU,American Assassin
12/17/2016 ,76.0,"Romance, Drama", Released, Japanese,172400000.0,217755930.8,JP,Tomorrow I Will Date With Yesterday's You
08/27/1992 ,58.0,Comedy, Released, English,7000000.0,40693477.0,AU,Encino Man
09/29/2021 ,58.0,Horror, Released, English,70740000.0,431298841.2,AU,Seance
03/06/2018 ,36.0,"Action, Drama", Released, English,47270000.0,329856760.8,US,The Second Coming of Christ
12/11/2020 ,55.0,"Drama, Romance", Released, Korean,127800000.0,578598408.0,KR,Taming The Younger Sister-in-Law
07/01/2022 ,61.0,Drama, Released, English,68200000.0,608383159.4,ES,Sinjar
09/30/2015 ,77.0,"Drama, Adventure, Science Fiction", Released, English,108000000.0,653609107.0,AU,The Martian
12/22/2016 ,41.0,Documentary, Released, English,119000000.0,430430987.6,US,Sexology
04/22/2016 ,73.0,"Thriller, Drama, Romance", Released, English,14000000.0,3621046.0,AU,Colonia
10/07/2004 ,54.0,"Adventure, Action, Horror", Released, English,25000000.0,70326393.0,AU,Anacondas: The Hunt for the Blood Orchid
01/19/2017 ,81.0,Drama, Released, English,12000000.0,149117900.0,AU,Lion
09/01/2006 ,43.0,"Horror, Mystery, Thriller", Released, English,40000000.0,38805380.0,CA,The Wicker Man
09/11/2020 ,35.0,Drama, Released, Korean,47270000.0,329856760.8,KR,Hole-in-law 2
10/29/1998 ,60.0,"Horror, Thriller", Released, English,17000000.0,75000000.0,AU,Halloween H20: 20 Years Later
03/02/1996 ,80.0,"Animation, Science Fiction, Action", Released, Japanese,178000000.0,1153194949.4,JP,Doraemon: Nobita and the Galaxy Super-express
09/05/2008 ,70.0,"Drama, History, Romance", Released, English,27000000.0,45160110.0,GB,The Duchess
07/08/2017 ,71.0,"Fantasy, Adventure, Animation, Family", Released, Japanese,24322800.0,42170089.0,JP,Mary and The Witch's Flower
03/09/2022 ,56.0,"Comedy, Action, Drama", Released, French,140000000.0,167096014.4,FR,Kung-Fu Zohra
10/13/2020 ,55.0,"Mystery, Thriller, Horror", Released, English,146000000.0,678883510.8,US,Evil Eye
03/16/2000 ,74.0,Drama, Released, English,38000000.0,73956241.0,AU,The Hurricane
12/01/2012 ,63.0,"Adventure, Animation, Comedy, Fantasy, Family", Released, English,60000000.0,309887177.0,AU,Shrek the Halls
05/13/2022 ,60.0,"Horror, Mystery, Thriller", Released, English,6320000.0,138450.0,US,Monstrous
05/25/1989 ,66.0,"Thriller, Horror", Released, English,10400000.0,7825000.0,AU,Dead Calm
01/13/1994 ,79.0,Drama, Released, English,13000000.0,65796862.0,AU,In the Name of the Father
04/01/2021 ,74.0,Drama, Released, English,67800000.0,653988016.4,US,Trees of Peace
11/09/1990 ,62.0,"Horror, Thriller", Released, English,13000000.0,34166572.0,US,Child's Play 2
06/14/1985 ,70.0,"Comedy, Romance", Released, English,40789400.0,8622757.0,US,Secret Admirer
06/01/1988 ,70.0,"Action, Adventure, Fantasy", Released, English,35000000.0,57269863.0,AU,Willow
12/01/2020 ,56.0,"Action, Adventure", Released, English,23000000.0,4673377.0,AU,Rogue
01/17/2020 ,65.0,"Drama, Horror", Released," Spanish, Castilian",71554097.6,390348447.8,ES,32 Malasana Street
11/23/2011 ,67.0,"Drama, Romance", Released, English,10000000.0,34240572.0,US,My Week with Marilyn
01/13/2023 ,64.0,"Comedy, Music", Released, Turkish,51400000.0,441322392.2,TR,The Nightingale of Bursa
11/10/2022 ,65.0,"Action, Crime, Thriller", Released, French,122800000.0,377993107.0,FR,Lost Bullet 2
09/20/2007 ,58.0,"Comedy, Music", Released, English,20000000.0,26000000.0,AU,Bratz
08/02/2007 ,73.0,Thriller, Released, English,10000000.0,91354215.0,AU,Fracture
10/24/2022 ,71.0,Drama, Released," Spanish, Castilian",100000000.0,369861963.8,MX,Dive
03/03/2022 ,70.0,Documentary, Released, English,100140523.8,625891229.0,GB,Surviving Paradise: A Family Tale
09/17/1992 ,72.0,"Action, Animation, Adventure", Released, Japanese,143000000.0,536922531.6,JP,Dragon Ball Z: Gather Together! Goku's World
03/25/2020 ,63.0,"Thriller, Drama", Released," Spanish, Castilian",75200000.0,410263644.6,ES,The Occupant
08/05/2021 ,60.0,"Animation, Family", Released, English,114000000.0,1002554527.0,US,Furry Friends Forever: Elmo Gets a Puppy
01/15/2004 ,76.0,"Drama, Action, War", Released, English,140000000.0,456810575.0,AU,The Last Samurai
01/08/2004 ,63.0,"Comedy, Family", Released, English,40000000.0,190212113.0,AU,Cheaper by the Dozen
12/16/2004 ,68.0,"Adventure, Comedy, Family", Released, English,100000000.0,212956024.0,AU,Lemony Snicket's A Series of Unfortunate Events
04/04/2019 ,57.0,"Horror, Thriller", Released, English,11500000.0,57469850.0,AU,Pet Sematary
10/01/1992 ,55.0,Drama, Released, Cantonese,142000000.0,454488625.8,HK,Unforgetful Holiday
05/09/2012 ,49.0,"Comedy, Drama", Released, French,108600000.0,539181833.0,FR,Sexual Chronicles of a French Family
04/02/2015 ,68.0,"Romance, Comedy", Released, English,8500000.0,43528634.0,AU,The DUFF
07/30/1973 ,69.0,"Science Fiction, Thriller", Released, English,60600000.0,3600000.0,AU,Soylent Green
07/01/2022 ,53.0,"Action, Mystery, Thriller", Released, English,136400000.0,194565354.0,AU,There Are No Saints
08/18/2021 ,64.0,"Horror, Mystery, Thriller", Released, English,9000000.0,12624174.0,AU,Come Play
07/01/2015 ,63.0,"Animation, Adventure, Comedy, Family", Released, English,6000000.0,769028.0,US,Ooops! Noah Is Gone...
01/22/1992 ,70.0,"Drama, Romance", Released, French,26814012.8,5013090.0,FR,The Lover
03/14/2013 ,62.0,Horror, Released, English,15000000.0,148095566.0,AU,Mama
11/05/2003 ,78.0,"Drama, Action, Thriller, Crime, Mystery", Released, Cantonese,125000.0,8708932.0,AU,Infernal Affairs
07/23/1993 ,69.0,"Drama, Romance", Released, English,14000000.0,27450453.0,US,Poetic Justice
09/15/2005 ,55.0,"Comedy, Adventure, Action", Released, English,53000000.0,109848461.0,AU,The Dukes of Hazzard
04/18/2013 ,61.0,Comedy, Released, English,150600000.0,414413080.2,US,Adult World
11/09/2017 ,67.0,"Drama, Mystery, Crime", Released, English,55000000.0,351767147.0,AU,Murder on the Orient Express
05/16/1940 ,71.0,"Animation, Family", Released, English,45000000.0,31681811.0,AU,Pinocchio
11/28/2022 ,50.0,"Animation, Family", Released, English,129800000.0,284962902.4,US,The Action Pack Saves Christmas
03/01/2020 ,56.0,"Thriller, Action", Released, English,5000000.0,5444.0,AU,Grand Isle
02/08/2008 ,61.0,"Comedy, Drama", Released, English,27500000.0,43607627.0,US,Welcome Home Roscoe Jenkins
10/24/2019 ,71.0,"Animation, Family, Action, Comedy", Released, English,96800000.0,762961688.8,DK,Lego DC Batman: Family Matters
06/23/2017 ,56.0,"Thriller, Romance, Drama", Released, English,120200000.0,335738990.2,AU,You Get Me
12/21/1967 ,62.0,"Comedy, Family, Fantasy", Released, English,71500000.0,294156605.0,AU,Doctor Dolittle
12/20/1986 ,68.0,"Action, Animation, Adventure, Comedy, Fantasy, Science Fiction", Released, Japanese,91380000.0,233325357.6,JP,Dragon Ball: Curse of the Blood Rubies
02/03/2011 ,60.0,"Action, Thriller", Released, English,30000000.0,108957098.0,AU,Sanctum
02/14/2017 ,30.0,"Romance, Drama", Released, Korean,15541000.0,38139010.0,KR,Friend Couples: Swapping
02/17/2006 ,42.0,"Comedy, Romance", Released, English,20000000.0,85146165.0,AU,Date Movie
01/05/2012 ,71.0,"Adventure, Action, Crime, Mystery", Released, English,125000000.0,535663443.0,AU,Sherlock Holmes: A Game of Shadows
09/23/2022 ,54.0,"Science Fiction, Thriller, Mystery", Released, English,6400000.0,8902141.0,US,Control
05/02/1979 ,69.0,"Drama, History, War", Released, German,107800000.0,504122475.8,DE,The Tin Drum
09/29/2006 ,70.0,"Drama, Action, Comedy", Released, Cantonese,136200000.0,435898845.0,HK,Robin-B-Hood
12/11/2020 ,64.0,"Animation, Adventure, Family", Released, English,88500000.0,381325165.4,US,A Trash Truck Christmas
10/13/2022 ,67.0,Drama, Released, English,56600000.0,5021114.0,AU,Lifemark
06/26/2003 ,55.0,"Science Fiction, Adventure, Action", Released, English,137000000.0,245031679.0,AU,Hulk
11/18/2022 ,80.0,"Comedy, Fantasy", Released," Spanish, Castilian",55800000.0,198478509.6,ES,Santa vs Reyes
06/19/2008 ,67.0,"History, Adventure, War, Action", Released, Russian,18000000.0,26527510.0,AU,Mongol: The Rise of Genghis Khan
09/07/2000 ,58.0,"Crime, Comedy", Released, English,33000000.0,173559438.0,AU,Big Momma's House
09/30/2022 ,59.0,"Action, Science Fiction", Released, English,71000000.0,254946484.2,US,Attack on Titan
12/19/1991 ,62.0,Drama, Released, Italian,110800000.0,408974526.0,ES,Miracle of Marcellino
02/29/1988 ,72.0,Comedy, Released, English,15000000.0,49500000.0,AU,"Planes, Trains and Automobiles"
01/23/2019 ,70.0,"Action, Comedy, Crime", Released, Korean,8120000.0,124652206.0,KR,Extreme Job
09/24/2000 ,73.0,"Adventure, Comedy, Crime", Released, English,26000000.0,75763814.0,AU,"O Brother, Where Art Thou?"
03/14/2020 ,59.0,Thriller, Released, English,164900000.0,690959382.4,US,Megan
07/05/2022 ,54.0,Horror, Released, English,130800000.0,249577615.2,US,11th Hour Cleaning
06/16/2023 ,0.0,"Action, Thriller", Post Production, English,226000000.0,175269998.8,US,Extraction 2
12/18/1991 ,80.0,Drama, Released, Chinese,172000000.0,682835308.6,IT,Raise the Red Lantern
04/07/1993 ,63.0,"Romance, Drama", Released, English,38000000.0,266614059.0,US,Indecent Proposal
11/23/2013 ,71.0,"Animation, Action, Fantasy", Released, Japanese,139800000.0,308258520.6,JP,Persona 3 the Movie: #1 Spring of Birth
12/03/2020 ,35.0,"Drama, Romance", Released, Korean,47310000.0,329856760.8,KR,Female Urologists 3
04/25/2018 ,48.0,"Action, Comedy", Released, English,127000000.0,569973411.4,AU,Killing Gunther
12/28/2018 ,68.0,"Science Fiction, Mystery, Drama, Thriller, TV Movie", Released, English,106000000.0,642281748.6,GB,Black Mirror: Bandersnatch
11/05/2021 ,73.0,Drama, Released, Gujarati,2000000.0,69897819.6,AU,Last Film Show
04/14/1999 ,55.0,"Drama, Romance", Released, French,4105000.0,1314053.0,FR,Romance
05/10/2001 ,63.0,"Adventure, Action, Fantasy", Released, English,98000000.0,435040395.0,AU,The Mummy Returns
04/24/2008 ,59.0,"Thriller, Mystery", Released, English,25000000.0,12850033.0,AU,Deception
03/18/2021 ,42.0,"Action, Adventure, Science Fiction", Released, English,20000000.0,349757.0,AU,Cosmic Sin
02/09/2007 ,63.0,"Drama, Science Fiction, Adventure", Released, English,7855689.0,27308918.0,US,The Last Mimzy
01/01/2010 ,70.0,"Animation, Comedy, Family", Released, English,111000000.0,294668448.4,AU,Dug's Special Mission
08/06/2009 ,58.0,"Adventure, Action, Thriller, Science Fiction", Released, English,175000000.0,302469017.0,AU,G.I. Joe: The Rise of Cobra
10/07/2000 ,66.0,Comedy, Released, English,50000000.0,50054511.0,AU,The Replacements
03/11/1988 ,76.0,Drama, Released, English,5775000.0,13994920.0,US,Stand and Deliver
09/18/2014 ,64.0,"Crime, Action, Thriller", Released, English,65000000.0,40650842.0,AU,Sin City: A Dame to Kill For
09/13/2019 ,67.0,"Horror, Thriller", Released, English,153000000.0,662008399.2,US,Haunt
09/29/2007 ,76.0,"Action, Animation, History", Released, Japanese,109200000.0,723094904.0,JP,Sword of the Stranger
09/19/2018 ,54.0,"Drama, Science Fiction, Thriller", Released, English,120200000.0,891217697.0,AU,Fahrenheit 451
06/14/2012 ,62.0,Comedy, Released, French,15440000.0,306724.0,AU,Le Chef
04/22/1992 ,67.0,"Comedy, Music", Released, English,20000000.0,183097323.0,AU,Wayne's World
03/18/2022 ,65.0,"Family, Comedy", Released, English,40000000.0,190212113.0,AU,Cheaper by the Dozen
08/14/2008 ,74.0,"Action, Thriller", Released, English,25000000.0,226941585.0,AU,Taken
01/16/2020 ,67.0,"Family, Fantasy, Adventure", Released, English,175000000.0,251509166.0,AU,Dolittle
07/25/2014 ,74.0,"Thriller, Animation, Action, Crime", Released, English,9171548.0,4571025.0,US,Batman: Assault on Arkham
09/18/2008 ,81.0,"Animation, Family, Science Fiction", Released, English,180000000.0,521311860.0,AU,WALL·E
06/20/1974 ,66.0,"Comedy, Drama, Fantasy, Romance", Released, Italian,77200000.0,452590138.8,IT,Arabian Nights
08/11/1976 ,71.0,"Western, Drama", Released, English,25874800.0,8091910.0,US,The Shootist
03/23/2018 ,55.0,"Action, Comedy", Released, English,68800000.0,213739675.2,AU,"Game Over, Man!"
07/31/2020 ,64.0,Thriller, Released," Spanish, Castilian",3000000.0,1292773.0,ES,4x4
09/24/2022 ,63.0,"Horror, Thriller", Released, English,81800000.0,408307377.8,US,Sick
08/04/2015 ,61.0,"Comedy, Animation", Released, English,120540000.0,447168573.6,US,Looney Tunes: Rabbits Run
11/16/2004 ,71.0,"Comedy, Drama, Romance", Released, English,17000000.0,109726800.0,AU,Sideways
09/29/2020 ,66.0,"Drama, Family, Fantasy", Released, Italian,45000000.0,31681811.0,AU,Pinocchio
09/28/2020 ,85.0,Documentary, Released, English,139800000.0,1075683451.4,AU,David Attenborough: A Life on Our Planet
01/27/2022 ,75.0,"Romance, Comedy", Released, English,96200000.0,412160901.0,AU,The Hating Game
09/21/2020 ,62.0,"Horror, Drama", Released, English,151000000.0,396465476.0,US,The Scientist
06/17/2021 ,69.0,Action, Released, Korean,54600000.0,225671705.0,KR,Shark: The Beginning
01/01/2022 ,68.0,Action, Released, English,57404639.8,29439.0,AU,One Shot
07/01/2022 ,63.0,Comedy, Released," Spanish, Castilian",110000000.0,271669045.6,ES,Mamá no enRedes
06/10/2004 ,70.0,"Horror, Action", Released, English,28000000.0,103452875.0,AU,Dawn of the Dead
12/20/1984 ,76.0,"Action, Thriller, Science Fiction", Released, English,6400000.0,78019031.0,AU,The Terminator
12/26/2003 ,85.0,"Adventure, Fantasy, Action", Released, English,94000000.0,1121386981.0,AU,The Lord of the Rings: The Return of the King
08/31/2006 ,59.0,"Comedy, Crime", Released, English,64000000.0,101636047.0,US,Little Man
05/21/2015 ,79.0,"Drama, Thriller, Comedy", Released," Spanish, Castilian",4000000.0,27007072.0,AU,Wild Tales
08/18/2018 ,66.0,Drama, Released, English,47220616.4,319773152.6,US,Skin
07/27/2001 ,75.0,"Drama, Comedy, Romance", Released, Korean,90200000.0,693402193.4,KR,My Sassy Girl
08/17/2018 ,50.0,"Family, Adventure, Fantasy, Romance, Drama", Released, English,161600000.0,704464322.4,US,The Little Mermaid
05/13/2022 ,59.0,Comedy, Released, English,135159000.0,234980052.8,AU,Senior Year
11/30/1995 ,63.0,"Crime, Comedy, Adventure", Released, English,30000000.0,212400000.0,AU,Ace Ventura: When Nature Calls
11/15/2007 ,71.0,"Fantasy, Mystery, Thriller", Released, English,15000000.0,4045770.0,AU,Inland Empire
02/04/2016 ,58.0,"Animation, Adventure, Comedy, Family", Released, German,13000000.0,42446455.0,DE,Robinson Crusoe
10/02/2013 ,60.0,"Romance, Drama", Released, French,73000000.0,544378189.4,US,Puppylove
01/28/2016 ,72.0,Drama, Released, Portuguese,39307171.0,37070177.0,BR,The Ten Commandments: The Movie
10/28/1982 ,64.0,"Action, Crime, Drama, Thriller", Released, English,3250000.0,6965361.0,AU,Class of 1984
06/24/2009 ,62.0,"Science Fiction, Action, Adventure", Released, English,210000000.0,836519699.0,AU,Transformers: Revenge of the Fallen
10/10/2010 ,60.0,"Horror, Thriller", Released," Spanish, Castilian",84600000.0,178745725.6,ES,Kidnapped
11/01/2019 ,72.0,"Drama, History, War", Released, English,69200000.0,369890597.2,AU,The King
01/22/2004 ,52.0,Action, Released, English,40000000.0,46176322.0,AU,Torque
03/06/2020 ,74.0,"Animation, Comedy, Family, Romance", Released, English,151000000.0,347974830.0,US,Maggie Simpson in Playdate with Destiny
03/17/1988 ,68.0,"Comedy, Romance", Released, English,12000000.0,91244913.0,AU,Overboard
01/06/2012 ,47.0,"Thriller, Horror", Released, English,1000000.0,101759490.0,US,The Devil Inside
04/13/2000 ,66.0,Horror, Released, English,23000000.0,112036870.0,AU,Final Destination
02/14/2019 ,72.0,"Action, Science Fiction, Adventure", Released, English,170000000.0,401900040.0,AU,Alita: Battle Angel
12/08/2022 ,68.0,"Family, Comedy, Fantasy", Released, English,25000000.0,13276499.0,AU,Roald Dahl's Matilda the Musical
07/03/2020 ,82.0,"History, Drama", Released, English,200000000.0,884648431.4,AU,Hamilton
04/24/2011 ,76.0,Drama, Released, English,5389600.0,1681521.0,AU,Detachment
03/06/2020 ,65.0,"Comedy, Action, Thriller", Released, English,53000000.0,539049012.4,AU,Spenser Confidential
03/31/2017 ,65.0,"Action, Crime, Thriller", Released, Chinese,250000.0,197804602.6,CN,Extraordinary Mission
03/12/2009 ,69.0,"Music, Drama, History", Released, English,19000000.0,44972183.0,AU,Notorious
12/19/2002 ,64.0,"Comedy, Romance", Released, English,38000000.0,182365114.0,AU,Sweet Home Alabama
03/08/1997 ,73.0,"Animation, Science Fiction, Family", Released, Japanese,93000000.0,345008293.2,JP,Doraemon: Nobita and the Spiral City
02/18/1993 ,75.0,Drama, Released, English,31000000.0,9493259.0,AU,Chaplin
03/17/2023 ,62.0,"Drama, Thriller, Crime", Released, French,133000000.0,407446362.4,FR,In His Shadow
11/23/2022 ,54.0,"Horror, Drama", Released, English,85800000.0,548186237.2,US,Nanny
10/23/2020 ,54.0,Horror, Released, English,130800000.0,249577615.2,US,Haunting of the Mary Celeste
04/20/1977 ,78.0,"Comedy, Drama, Romance", Released, English,4000000.0,38252270.0,US,Annie Hall
09/18/2012 ,62.0,"Comedy, Family", Released, English,75600000.0,413389196.6,US,Beverly Hills Chihuahua 3: Viva la Fiesta!
10/01/2018 ,68.0,"Animation, Adventure, Family, Fantasy", Released, English,20000000.0,219315950.8,US,Cinderella and the Secret Prince
01/01/2009 ,72.0,Comedy, Released," Spanish, Castilian",82400000.0,400066522.0,DO,Cristiano de la Secreta
01/20/1987 ,74.0,"Adventure, Drama, Action, History", Released, English,24500000.0,17218023.0,AU,The Mission
12/25/2015 ,69.0,"Comedy, Animation, Family", Released, English,99000000.0,250091610.0,AU,The Peanuts Movie
11/22/1978 ,59.0,"Horror, Thriller", Released, English,650000.0,50563960.6,US,Day of the Woman
05/27/2004 ,67.0,"Comedy, Fantasy, Romance", Released, English,37000000.0,96455697.0,AU,13 Going on 30
01/10/2019 ,76.0,Comedy, Released, English,48000000.0,119736188.0,AU,Instant Family
01/16/2014 ,72.0,"Drama, Music", Released, English,11000000.0,32943247.0,AU,Inside Llewyn Davis
10/21/2014 ,45.0,"Science Fiction, Comedy", Released," Spanish, Castilian",131500000.0,909309627.4,ES,El arca de Noé
08/05/2010 ,57.0,Comedy, Released, English,69000000.0,86796502.0,AU,Dinner for Schmucks
07/21/2019 ,79.0,"Action, Animation", Released, English,63180000.0,926074191.2,US,Teen Titans Go! vs. Teen Titans
03/23/2023 ,54.0,Documentary, Released, English,138800000.0,293853255.2,US,Reggie
08/13/1993 ,45.0,Horror, Released, English,3000000.0,15935068.0,US,Jason Goes to Hell: The Final Friday
01/11/2019 ,60.0,"Science Fiction, Thriller, Drama", Released, English,30000000.0,9037427.0,US,Replicas
08/30/2012 ,77.0,"Comedy, Drama, Romance", Released, English,16000000.0,68848446.0,AU,Moonrise Kingdom
12/05/2008 ,58.0,"Action, Crime", Released, English,35000000.0,10157534.0,AU,Punisher: War Zone
06/11/2014 ,69.0,"Comedy, Romance", Released, English,45000000.0,127990741.0,AU,Blended
04/02/2009 ,62.0,"Animation, Family, Adventure, Science Fiction", Released, English,175000000.0,381509870.0,AU,Monsters vs Aliens
08/30/2018 ,62.0,"Action, Thriller", Released, English,35000000.0,66295121.0,AU,Mile 22
03/19/2002 ,54.0,"Animation, Family, Comedy", Released, English,129000000.0,386147462.8,US,The Hunchback of Notre Dame II
01/29/2021 ,80.0,Drama, Released, English,6713933.0,0.0,AU,Palmer
10/18/2014 ,47.0,"Mystery, Thriller, Horror", Released, English,147200000.0,937727043.8,US,Finders Keepers
11/12/2002 ,68.0,"Animation, Family", Released, English,98140000.0,494358731.6,US,Winnie the Pooh: A Very Merry Pooh Year
01/12/2012 ,74.0,"Thriller, Crime, Mystery", Released, English,90000000.0,239373970.0,AU,The Girl with the Dragon Tattoo
09/06/2020 ,61.0,"Science Fiction, Adventure, Action, Comedy, Thriller", Released, French,18000000.0,136893678.6,FR,How I Became a Superhero
03/05/2011 ,73.0,"Animation, Adventure, Family, Science Fiction", Released, Japanese,138400000.0,649122426.2,JP,Doraemon: Nobita and the New Steel Troops: Winged Angels
03/25/1995 ,77.0,"Drama, Romance", Released, Japanese,80000000.0,381000857.6,JP,Love Letter
03/09/1991 ,74.0,"Animation, Adventure, Fantasy", Released, Japanese,131600000.0,397057826.8,JP,Doraemon: Nobita's Dorabian Nights
06/24/2021 ,64.0,"Animation, Adventure, Comedy", Released, German,2000000.0,6666618.0,AU,Moonbound
11/25/2010 ,63.0,"Comedy, Drama", Released, English,65000000.0,211739043.0,AU,Due Date
11/16/2022 ,60.0,"Crime, Comedy", Released, Thai,62800000.0,566738520.0,TH,The Lost Lotteries
01/25/2001 ,60.0,"Fantasy, Comedy, Romance", Released, English,48000000.0,90376224.0,AU,Bedazzled
11/03/2017 ,70.0,"Drama, Thriller, Mystery", Released, English,42608000.0,7027336.0,AU,The Killing of a Sacred Deer
06/08/1995 ,68.0,Comedy, Released, English,57368000.0,32648673.0,AU,Tommy Boy
06/06/1991 ,61.0,"Science Fiction, Adventure, Action, Comedy, Family", Released, English,25000000.0,78656813.0,AU,Teenage Mutant Ninja Turtles II: The Secret of the Ooze
09/07/2022 ,65.0,"Science Fiction, Comedy, Adventure", Released, French,4500000.0,1946816.0,FR,The Visitor from the Future
09/19/2016 ,60.0,Drama, Released," Spanish, Castilian",73800000.0,346352260.6,ES,Jesus
12/04/2004 ,70.0,"Action, Adventure, Science Fiction, Fantasy, Thriller", Released, Japanese,19500000.0,12000000.0,JP,Godzilla: Final Wars
02/19/2005 ,49.0,"Crime, Drama, Mystery", Released, English,165400000.0,616863030.4,US,Wild Things: Diamonds in the Rough
04/10/2020 ,68.0,Romance, Released, Korean,78200000.0,360564423.2,KR,Pizza Dare 1
11/16/2010 ,57.0,"Animation, Action", Released, English,80000000.0,234272533.2,US,Assassin's Creed: Ascendance
04/26/2021 ,50.0,Drama, Released, Russian,151600000.0,665194474.0,RU,Zarnitsa
05/04/2017 ,55.0,"Drama, Thriller, Science Fiction", Released, English,18000000.0,40651864.0,AU,The Circle
11/13/2000 ,62.0,"TV Movie, Family, Comedy, Fantasy", Released, English,7000000.0,146599211.4,AU,Life-Size
03/21/2014 ,61.0,Drama, Released, English,17000000.0,29789000.0,US,God's Not Dead
02/04/2010 ,65.0,"Action, Horror, Mystery, Science Fiction, Thriller", Released, English,40000000.0,17033431.0,AU,Pandorum
11/15/2012 ,65.0,"Adventure, Fantasy, Drama, Romance", Released, English,120000000.0,829747654.0,AU,The Twilight Saga: Breaking Dawn - Part 2
09/22/2016 ,41.0,Drama, Released, Hungarian,139800000.0,581972415.8,HU,Well
03/26/2021 ,69.0,"Drama, Music, Romance, Comedy", Released, English,97000000.0,580151910.0,US,A Week Away
10/22/1999 ,74.0,"Crime, Drama", Released, English,2000000.0,20741000.0,US,Boys Don't Cry
03/11/2022 ,64.0,"Horror, Comedy", Released, English,107400000.0,360987353.8,US,Deadstream
09/02/2008 ,69.0,"Animation, Family, Action, Adventure, Science Fiction", Released, English,53620000.0,3800000.0,US,Next Avengers: Heroes of Tomorrow
12/04/1998 ,51.0,"Mystery, Thriller, Horror", Released, English,20000000.0,37226218.0,US,Psycho
05/04/1995 ,69.0,"Romance, Comedy", Released, English,17000000.0,182057016.0,AU,While You Were Sleeping
03/28/2023 ,64.0,"Animation, Fantasy, Horror, Action, Mystery", Released, English,145760000.0,321934831.2,US,Batman: The Doom That Came to Gotham
12/20/2017 ,63.0,"Horror, Thriller", Released, English,4000000.0,47552.0,AU,13 Sins
08/05/2022 ,72.0,"Action, History, Drama, War", Released, Korean,121000000.0,288842249.6,AU,Hansan: Rising Dragon
06/24/2004 ,72.0,Comedy, Released, English,18000000.0,130714469.0,AU,Mean Girls
01/10/2018 ,62.0,"Horror, Thriller", Released, English,5000000.0,11792942.0,AU,The Belko Experiment
10/31/2019 ,59.0,"Drama, Horror, Crime", Released, English,3000000.0,2295825.0,AU,3 from Hell
09/27/2018 ,63.0,"Horror, Crime, Drama", Released, English,130000000.0,337207933.8,CA,I'll Take Your Dead
08/18/2018 ,76.0,"Action, Adventure, Fantasy, Animation", Released, Japanese,62600000.0,706002070.8,JP,The Seven Deadly Sins: Prisoners of the Sky
02/27/2009 ,44.0,"Action, Adventure, Science Fiction, Thriller", Released, English,50000000.0,12660287.0,US,Street Fighter: The Legend of Chun-Li
12/26/2022 ,64.0,"Drama, Comedy", Released, English,119000000.0,590200773.2,AU,The Lost King
08/12/1975 ,65.0,"Western, Action", Released, Italian,73340000.0,552832145.2,IT,Four of the Apocalypse
10/31/2011 ,63.0,"Family, Animation, Fantasy", Released, English,102200000.0,553259177.0,US,Monster High: Fright On!
12/17/2011 ,69.0,"Action, Animation, Science Fiction", Released, Japanese,154000000.0,749502771.4,JP,Dragon Ball: Episode of Bardock
04/25/2017 ,76.0,"Adventure, Action, Science Fiction", Released, English,200000000.0,863756051.0,AU,Guardians of the Galaxy Vol. 2
10/24/1986 ,64.0,"Adventure, Comedy", Released, English,8800000.0,328203506.0,AU,Crocodile Dundee
02/23/2002 ,61.0,"Family, Animation, Romance, Fantasy", Released, English,5000000.0,119738688.2,US,Cinderella II: Dreams Come True
07/14/2016 ,47.0,"Horror, Science Fiction, Thriller", Released, English,4385000.0,1133031.0,AU,Cell
04/09/2021 ,69.0,"Crime, Drama, Thriller, Action", Released, Korean,156000000.0,591713267.4,KR,Night in Paradise
09/11/2014 ,58.0,"Fantasy, Comedy, Drama", Released, English,176800000.0,744477889.0,US,The Cobbler
10/21/2003 ,67.0,"Adventure, Fantasy, Animation, Action, Science Fiction", Released, English,116800000.0,449633251.4,US,Batman: Mystery of the Batwoman
03/31/2006 ,70.0,"Drama, Comedy, Mystery", Released, English,17000000.0,21170563.0,US,ATL
03/15/1990 ,72.0,Drama, Released, English,7500000.0,106593296.0,AU,Driving Miss Daisy
05/20/2016 ,62.0,"Action, Comedy", Released, English,40000000.0,124827316.0,AU,Ride Along 2
11/01/2015 ,40.0,Romance, Released, Korean,76800000.0,858637629.0,KR,A Delicious Flight
11/05/2014 ,77.0,Documentary, Released, English,62100000.0,534518566.6,GB,Interstellar: Nolan's Odyssey
07/06/2022 ,73.0,Documentary, Released, English,53600000.0,682429959.6,US,Girl in the Picture
11/14/2017 ,53.0,"Thriller, Horror", Released, English,96200000.0,322945018.8,US,Amityville: The Awakening
02/11/2021 ,56.0,"Animation, Action, Adventure, Drama, Mystery", Released, Japanese,192000000.0,373401570.0,JP,Princess Principal Crown Handler: Chapter 1
05/13/2010 ,70.0,"Comedy, Drama, Romance", Released, English,30000000.0,82148538.0,AU,Letters to Juliet
01/01/2004 ,69.0,"Drama, War, History, Adventure, Romance", Released, English,80000000.0,165173909.0,AU,Cold Mountain
01/01/1998 ,65.0,"Comedy, Family", Released, English,38000000.0,122417389.0,AU,MouseHunt
06/04/2021 ,73.0,"Romance, Drama", Released, Japanese,127520000.0,616483742.4,JP,It’s Your Fault That My Heart Beats
06/04/2015 ,55.0,"Drama, Comedy, Romance", Released, English,37000000.0,25387091.0,AU,Aloha
01/08/1998 ,63.0,"Action, Thriller, Adventure, Crime", Released, English,60000000.0,159356941.0,AU,The Jackal
04/08/2023 ,0.0,"Comedy, Romance", Released, Tagalog,264940000.0,178359863.0,PH,Single Bells
07/08/2022 ,59.0,"Drama, Romance", Released, French,24200000.0,10447579.0,FR,Dangerous Liaisons
03/24/1997 ,60.0,"Science Fiction, Thriller", Released, English,25000000.0,14063331.0,AU,The Arrival
10/30/2015 ,66.0,"Action, Adventure, Comedy, Science Fiction", Released, English,60000.0,0.0,AU,Turbo Kid
04/21/2022 ,68.0,"Action, Comedy, Crime", Released, English,30000000.0,29116320.0,AU,The Unbearable Weight of Massive Talent
05/07/2015 ,77.0,"Documentary, Music, Animation, History", Released, English,93400000.0,616715972.8,AU,Cobain: Montage of Heck
05/04/2017 ,42.0,Romance, Released, Korean,123300000.0,181053832.0,KR,Covet: Island of Desire
09/09/2022 ,63.0,Drama, Released, Polish,87000000.0,416389640.0,PL,Illusion
03/02/1989 ,66.0,"Comedy, Romance, Drama", Released, English,28000000.0,103173635.0,AU,Working Girl
05/29/1965 ,77.0,"Drama, Family, Music, Romance", Released, English,8200000.0,286213504.0,AU,The Sound of Music
11/11/2017 ,70.0,"Family, Animation, Adventure, Fantasy", Released, Japanese,75397939.2,37552144.0,AU,Pokémon the Movie: I Choose You!
08/25/2022 ,68.0,"Action, Crime, Science Fiction", Released, English,100000000.0,380428883.0,US,Samaritan
01/25/2017 ,61.0,"Romance, Drama", Released, English,10000000.0,205152219.6,US,Newness
11/22/2001 ,71.0,"Action, Drama, Thriller", Released, English,60000000.0,20541668.0,AU,The Last Castle
02/23/2023 ,58.0,"Drama, Horror, Mystery", Released," Spanish, Castilian",135000000.0,670271186.2,MX,Huesera: The Bone Woman
09/07/2017 ,72.0,Drama, Released, English,9000000.0,22088533.0,AU,The Glass Castle
11/10/1994 ,78.0,"Fantasy, Animation, Family", Released, English,24000000.0,75634409.0,AU,The Nightmare Before Christmas
07/28/2017 ,65.0,"Family, Fantasy, Animation, Comedy", Released, English,105800000.0,328287026.4,US,Hotel Transylvania: Puppy!
04/07/2022 ,73.0,"Mystery, Drama", Released, Korean,110000000.0,628681408.4,KR,The Girl on a Bulldozer
06/21/2007 ,61.0,Comedy, Released, English,61000000.0,145594548.0,AU,Blades of Glory
12/22/1994 ,63.0,"Family, Comedy, Adventure, Crime, Drama", Released, English,50000000.0,16671505.0,AU,Baby's Day Out
01/26/2019 ,40.0,"Horror, Mystery, Thriller", Released, English,101800000.0,858637629.0,US,Wounds
07/29/2022 ,67.0,"Thriller, Mystery, Comedy", Released, English,85017249.0,4225720.0,US,Vengeance
09/03/1999 ,67.0,"Adventure, History, Action", Released, English,125000000.0,61698899.0,AU,The 13th Warrior
07/13/2011 ,81.0,"Fantasy, Adventure", Released, English,125000000.0,1341511219.0,AU,Harry Potter and the Deathly Hallows: Part 2
05/20/1971 ,63.0,"Action, Science Fiction", Released, English,2500000.0,12300000.0,US,Escape from the Planet of the Apes
12/26/1995 ,58.0,"Action, Fantasy", Released, English,20000000.0,122133227.0,AU,Mortal Kombat
07/19/2008 ,46.0,"Action, Adventure, Fantasy, Science Fiction", Released, English,116500000.0,577617472.8,AU,The Scorpion King 2: Rise of a Warrior
08/21/1974 ,68.0,"Comedy, Drama", Released, English,82000000.0,191558505.0,US,The Longest Yard
08/15/1973 ,71.0,"Music, Drama", Released, English,25874800.0,13200000.0,US,Jesus Christ Superstar
01/17/2019 ,61.0,"Action, Adventure, Fantasy, Family", Released, English,59000000.0,28296983.0,AU,The Kid Who Would Be King
07/25/2009 ,43.0,"Horror, Action, TV Movie", Released, English,3000000.0,3690227.8,US,Malibu Shark Attack
06/17/2021 ,68.0,Horror, Released, Korean,84800000.0,293483805.2,KR,Whispering Corridors 6: The Humming
07/13/1966 ,75.0,"Comedy, Crime", Released, English,101000000.0,819530509.0,US,How to Steal a Million
02/03/2011 ,71.0,"Romance, Drama, Thriller, Crime", Released, English,30000000.0,67255916.0,AU,The Next Three Days
04/20/2009 ,76.0,"Animation, Comedy, Adventure", Released," Spanish, Castilian",1900000.0,8600000.0,MX,Another Egg and Chicken Movie
04/05/2023 ,74.0,"History, Adventure", Released, French,27500000.0,55349206.4,FR,The Three Musketeers: D'Artagnan
05/05/2015 ,39.0,"Science Fiction, Action", Released, English,102800000.0,814383781.6,US,Road Wars
06/21/1973 ,49.0,Drama, Released, French,167400000.0,997517367.8,FR,Sinner: The Secret Diary of a Nymphomaniac
12/19/2018 ,63.0,"Action, Adventure, Comedy", Released, English,30000000.0,159369278.0,AU,Johnny English Strikes Again
02/12/2020 ,69.0,"Romance, Comedy", Released, English,143600000.0,309828687.0,AU,To All the Boys: P.S. I Still Love You
10/21/2022 ,65.0,Drama, Released," Spanish, Castilian",95600000.0,305560367.8,ES,Wild Flowers
04/01/2004 ,72.0,"Drama, Thriller, Crime", Released," Spanish, Castilian",3200000.0,14441158.0,CO,Maria Full of Grace
02/25/2016 ,59.0,"Comedy, Drama, Mystery", Released, English,22000000.0,64220196.0,AU,"Hail, Caesar!"
09/13/2007 ,67.0,"Comedy, Romance, Drama", Released, English,75000000.0,202822861.0,AU,Hairspray
11/12/2020 ,68.0,Drama, Released, English,45000000.0,38852.0,AU,Hillbilly Elegy
03/12/2020 ,82.0,"Animation, Action, Fantasy, Adventure", Released, Japanese,21911000.0,29900850.0,AU,My Hero Academia: Heroes Rising
10/07/2017 ,47.0,"Horror, TV Movie", Released, English,102600000.0,830215344.6,US,House of the Witch
07/27/2017 ,38.0,"Romance, Drama", Released, Korean,51570000.0,349308045.2,KR,Mother's Job
03/25/2022 ,66.0,"Horror, Mystery", Released, English,124600000.0,501411151.2,IE,The Cellar
03/30/2023 ,80.0,"Action, Adventure, Crime", Released, Hindi,75000000.0,361163020.0,IN,Bholaa
03/10/2022 ,68.0,"Animation, Drama, Mystery, Fantasy", Released, Japanese,67654097.6,629573144.8,JP,The Girl from the Other Side
06/03/2022 ,66.0,"Mystery, Thriller, Horror", Released, English,10237862.6,2667033.0,US,Watcher
07/14/2015 ,48.0,Action, Released, English,10000000.0,2341218.0,US,American Heist
09/17/1987 ,73.0,"Action, Thriller, Science Fiction", Released, English,13000000.0,54125172.0,AU,RoboCop
12/09/1977 ,48.0,"Crime, Drama", Released, German,117000000.0,665830147.0,DE,Call of the Blonde Goddess
02/13/1995 ,62.0,"Family, Adventure, Animation, Romance", Released, English,3500000.0,99760551.2,AU,The Return of Jafar
11/20/1998 ,62.0,"Family, Animation, Comedy, Adventure", Released, English,28000000.0,140894685.0,US,The Rugrats Movie
12/05/2002 ,67.0,"Adventure, Science Fiction, Fantasy, Thriller", Released, German,162000000.0,636854441.2,DE,The Hunt for the Hidden Relic
08/30/2009 ,57.0,"Horror, Science Fiction, Thriller", Released, English,154400000.0,397125734.6,DE,The Thaw
08/31/2020 ,54.0,Science Fiction, Released, English,145800000.0,560043196.2,US,Solitary
08/03/2018 ,57.0,"Drama, Thriller", Released, English,109000000.0,385100558.0,US,Billionaire Boys Club
05/12/2016 ,67.0,"Horror, Crime, Thriller", Released, English,5000000.0,3807503.0,AU,Green Room
08/03/2022 ,77.0,"Action, Drama, Mystery, Thriller", Released, Korean,18052672.0,19200000.0,KR,Emergency Declaration
09/10/2019 ,76.0,"Animation, Adventure, Comedy, Family", Released, French,119200000.0,379074781.8,US,Curious George: Royal Monkey
11/30/2022 ,68.0,"History, Drama", Released," Spanish, Castilian",65240000.0,537395648.0,AU,A Man of Action
04/16/2018 ,66.0,"Comedy, Drama", Released, English,101600000.0,354385756.2,US,Alex Strangelove
10/01/2021 ,73.0,"Action, Western, Thriller", Released, English,97060000.0,176741455.2,US,Old Henry
07/02/2021 ,61.0,"Mystery, Thriller, Horror", Released, Korean,114000000.0,529795516.0,KR,The 8th Night
01/08/2009 ,60.0,"Animation, Comedy, Family, Fantasy, Horror", Released, English,22000000.0,31013349.0,AU,Igor
06/19/2009 ,67.0,"Thriller, Mystery", Released, English,600000.0,394717.0,GB,Exam
03/03/2016 ,59.0,"Action, Comedy", Released, English,35000000.0,27979040.0,AU,Grimsby
08/01/1991 ,61.0,"Action, Crime", Released, English,14000000.0,39673161.0,AU,Out for Justice
04/02/2021 ,74.0,"Thriller, Horror, Drama", Released, English,1700000.0,3400000.0,AU,Run
11/02/2012 ,62.0,"Drama, Horror", Released, English,112000000.0,281823245.2,US,Excision
08/25/2017 ,66.0,"Crime, Action, Drama", Released, Cantonese,122400000.0,666851201.2,HK,Paradox
05/26/2022 ,58.0,"Mystery, Drama", Released, French,7007340.0,51606066.6,AU,Maigret
01/20/2023 ,80.0,Documentary, Released, English,77100000.0,412992726.0,US,Pretty Baby: Brooke Shields
09/23/2021 ,47.0,Action, Released, Portuguese,129500000.0,847860141.2,BR,Garota da Moto
06/10/2015 ,78.0,"Adventure, Animation, Family, Comedy, Mystery, Science Fiction", Released, English,171000000.0,640441071.8,AU,Scooby-Doo! Moon Monster Madness
10/01/1987 ,62.0,"Drama, Fantasy, Romance", Released, Cantonese,84000000.0,1014981321.6,HK,Yu Pui Tsuen II
09/06/2012 ,60.0,"Action, Science Fiction, Thriller", Released, English,125000000.0,211856088.0,AU,Total Recall
10/08/2005 ,43.0,"Action, Adventure, Fantasy, TV Movie", Released, English,102300000.0,633555866.2,GB,Dungeons & Dragons: Wrath of the Dragon God
11/26/2014 ,75.0,"Animation, Adventure, Comedy, Family, Fantasy", Released, English,50000000.0,97651543.0,AU,The Book of Life
08/05/2022 ,54.0,"Thriller, Drama, Crime", Released, English,29200000.0,5466698.0,US,Collide
12/17/2021 ,66.0,Drama, Released, English,45310000.0,14521.0,GB,The Lost Daughter
02/10/2023 ,71.0,"Thriller, Crime, Drama", Released, English,169000000.0,635254226.0,US,Sharper
01/24/2019 ,50.0,Horror, Released, English,102800000.0,545695337.6,US,The Final Wish
01/18/2019 ,49.0,Science Fiction, Released, English,130200000.0,657284044.6,US,IO
10/17/2008 ,55.0,"Drama, Romance", Released," Spanish, Castilian",127800000.0,578598408.0,ES,Diary of a Nymphomaniac
12/07/1989 ,78.0,"Adventure, Comedy, Science Fiction", Released, English,40000000.0,331971868.0,AU,Back to the Future Part II
09/06/2018 ,59.0,"Horror, Mystery, Thriller", Released, English,22000000.0,363391647.0,AU,The Nun
09/28/2018 ,76.0,"Music, TV Movie, Fantasy", Released, English,106000000.0,364944575.0,US,Under the Sea: A Descendants Story
12/16/1999 ,69.0,"Fantasy, Comedy, Adventure", Released, English,10000000.0,43948865.0,AU,Dogma
01/11/2018 ,74.0,"Drama, History", Released, English,30000000.0,150807630.0,AU,Darkest Hour
02/12/2021 ,61.0,"Horror, Romance", Released, English,141400000.0,366483408.2,US,Tentacles
05/30/1991 ,71.0,"Music, Drama, History", Released, English,40000000.0,34469241.0,AU,The Doors
12/30/1993 ,61.0,"Family, Comedy", Released, English,31000000.0,56500758.0,AU,Rookie of the Year
11/15/2011 ,69.0,Animation, Released, English,100000.0,225215697.2,US,Assassin's Creed: Embers
10/06/2022 ,70.0,"Family, Fantasy, Comedy, Adventure, Music, TV Movie", Released, English,147200000.0,432006011.2,US,Monster High: The Movie
08/14/2003 ,67.0,"Thriller, Science Fiction", Released, English,7500000.0,898365.0,AU,Cypher
08/25/1995 ,60.0,"Horror, Fantasy", Released, English,87600000.0,246215895.8,US,Lord of Illusions
07/19/1968 ,37.0,Comedy, Released, German,58670000.0,385960548.2,DE,Guess Who's Coming for Breakfast
10/03/2013 ,57.0,"Drama, Thriller", Released, English,40000000.0,16340767.0,AU,Paranoia
05/09/2013 ,52.0,"Drama, Crime", Released, English,5000000.0,31149251.0,AU,Spring Breakers
01/17/2013 ,58.0,Comedy, Released, English,35000000.0,88215156.0,AU,This Is 40
06/07/2019 ,68.0,"Romance, Drama", Released, Korean,164000000.0,374254139.0,KR,Erotic Tutoring 2
10/07/2013 ,68.0,"Romance, Drama", Released, English,52260004.0,1162635.0,US,Romeo & Juliet
11/09/2004 ,68.0,"Action, Thriller, Science Fiction", Released, French,12000000.0,9584131.0,FR,District B13
03/11/2022 ,62.0,"Comedy, Horror, War", Released," Spanish, Castilian",67800000.0,499760707.6,ES,Valley of the Dead
02/08/2023 ,68.0,Documentary, Released, English,81500000.0,563588855.0,US,Marvel Studios Assembled: The Making of Black Panther: Wakanda Forever
09/13/2021 ,72.0,"Horror, Fantasy", Released," Spanish, Castilian",3600000.0,117019296.6,AU,Belzebuth
10/15/2010 ,66.0,"Comedy, Documentary, Action", Released, English,20000000.0,171685793.0,US,Jackass 3D
12/01/1982 ,75.0,"Drama, History", Released, English,22000000.0,127767889.0,AU,Gandhi
10/16/2020 ,75.0,"Romance, Drama", Released, English,127400000.0,367355223.4,US,2 Hearts
02/28/2012 ,74.0,"Action, Animation, Science Fiction", Released, English,66600000.0,439119920.6,US,Justice League: Doom
06/06/2006 ,58.0,"Romance, Comedy", Released, English,52000000.0,205727307.0,AU,The Break-Up
02/20/2003 ,57.0,"Comedy, Romance", Released, English,19000000.0,101564935.0,AU,Just Married
06/15/2018 ,53.0,"Crime, Drama, History, Thriller", Released, English,10000000.0,6601992.0,US,Gotti
09/14/1995 ,74.0,"Drama, Crime", Released, English,2000000.0,2381087.0,AU,The Basketball Diaries
09/30/2022 ,60.0,Horror, Released, English,146740000.0,301123555.2,US,Devil's Workshop
05/28/2009 ,49.0,"Action, Science Fiction, Thriller", Released, Thai,156000000.0,658735468.0,TH,2022 Tsunami
10/21/2022 ,66.0,"Crime, Thriller, Drama", Released, English,119400000.0,324965443.0,US,American Murderer
05/09/1996 ,63.0,Comedy, Released, English,110000000.0,271669045.6,AU,Down Periscope
09/01/2017 ,71.0,Comedy, Released," Spanish, Castilian",105200000.0,558301701.8,ES,Toc Toc
10/30/2006 ,67.0,"Drama, Romance, Thriller", Released, Japanese,102400000.0,385654388.2,JP,"Man, Woman & the Wall"
09/27/1997 ,71.0,Drama, Released, English,55000000.0,1147784.0,US,Lolita
09/21/2017 ,70.0,"Action, Adventure, Comedy", Released, English,104000000.0,408803696.0,AU,Kingsman: The Golden Circle
02/03/2022 ,68.0,"Comedy, Documentary", Released, English,10000000.0,80340218.0,AU,Jackass Forever
02/12/2020 ,57.0,"Fantasy, Adventure, Comedy", Released, French,122800000.0,366208661.4,FR,The Lost Prince
11/15/2001 ,75.0,"Action, Crime, Drama", Released, English,45000000.0,104505352.0,AU,Training Day
08/25/2008 ,75.0,"Comedy, Drama, Crime", Released, English,15000000.0,34527095.0,AU,In Bruges
06/04/2007 ,64.0,"Fantasy, Action, Adventure", Released, English,258000000.0,894860230.0,AU,Spider-Man 3
11/14/1996 ,67.0,"Action, Thriller", Released, English,70000000.0,308700000.0,AU,Ransom
02/13/1987 ,74.0,"Horror, Science Fiction", Released, English,15000000.0,60629159.0,GB,The Fly
08/24/2010 ,66.0,"Family, Animation, Adventure, Comedy", Released, English,35770488.0,347988775.0,US,Tom and Jerry Meet Sherlock Holmes
10/27/2013 ,60.0,"TV Movie, Comedy, Horror", Released, English,142600000.0,251539512.8,CA,Bunks
02/16/2006 ,67.0,Drama, Released, English,10000000.0,27610873.0,AU,Goal!
11/05/2020 ,75.0,"Family, Animation, Fantasy, Adventure, Comedy", Released, English,60000000.0,4810790.0,AU,The SpongeBob Movie: Sponge on the Run
11/17/2020 ,67.0,"Animation, Family, Adventure, Comedy, Science Fiction, Action, TV Movie", Released, English,108144000.0,424370509.4,AU,LEGO Star Wars Holiday Special
01/28/2022 ,60.0,"Horror, Thriller", Released, English,84600000.0,178745725.6,US,In the Forest
10/30/2014 ,79.0,"Animation, Horror, Adventure, Comedy, Family", Released," Spanish, Castilian",28859454.6,6300000.0,MX,Legend Quest: The Legend of the Guanajuato Mummies
03/06/1986 ,59.0,"Action, War", Released, English,2410000.0,10755447.0,AU,Missing in Action 2: The Beginning
08/08/2012 ,70.0,Thriller, Released, English,2000000.0,142547544.4,GB,Offender
02/14/2023 ,58.0,"Horror, Thriller", Released, English,100000.0,3200000.0,AU,Winnie the Pooh: Blood and Honey
10/02/2007 ,69.0,"Animation, Family, Comedy", Released, English,116400000.0,187299322.0,US,Tom and Jerry: A Nutcracker Tale
05/11/1980 ,65.0,"Animation, Fantasy, Adventure", Released, English,116936595.0,901901930.6,US,The Return of the King
10/01/2021 ,61.0,"Comedy, Animation, Family, Fantasy", Released, English,10000000.0,182327208.0,AU,The Little Vampire 3D
11/03/2022 ,43.0,"Action, Thriller", Released, English,141800000.0,605369896.4,US,Run & Gun
10/13/2022 ,78.0,"Drama, War, History", Released, German,20000000.0,326479707.4,AU,All Quiet on the Western Front
03/21/1996 ,72.0,"Adventure, Fantasy, Family", Released, English,65000000.0,262758310.0,AU,Jumanji
01/17/2008 ,73.0,Drama, Released, English,20000000.0,74180745.0,AU,The Kite Runner
07/30/2021 ,66.0,"Action, Comedy", Released, French,101900000.0,528819861.2,AU,The Last Mercenary
11/07/1998 ,63.0,"Comedy, Romance, Drama, Adventure", Released, Cantonese,105200000.0,502654387.4,US,Sex and Zen III
04/07/1993 ,75.0,"Family, Comedy", Released, English,7000000.0,34348444.0,US,The Sandlot
07/30/2015 ,64.0,"Science Fiction, Mystery, Thriller, Action", Released, English,26000000.0,31807156.0,AU,Self/less
05/27/2021 ,81.0,"Comedy, Crime", Released, English,200000000.0,233503234.0,AU,Cruella
12/01/1976 ,79.0,Drama, Released, English,3800000.0,23689877.0,AU,Network
12/28/2004 ,63.0,"Drama, Thriller, Romance", Released, English,123000000.0,360088513.0,US,Trois: The Escort
03/12/1995 ,45.0,"Horror, Comedy", Released, English,600000.0,185898.0,US,The Return of the Texas Chainsaw Massacre
04/19/2016 ,57.0,"Romance, Drama", Released, Korean,114800000.0,384414469.8,KR,Sex: A Relationship and Not Marriage
06/10/1983 ,63.0,"Adventure, Action, Thriller", Released, English,27500000.0,187500000.0,AU,Octopussy
04/01/2021 ,76.0,"Animation, Adventure, Comedy, Family", Released, English,119200000.0,379074781.8,AU,Two by Two: Overboard!
07/31/2020 ,75.0,"War, Drama", Released, English,20000000.0,3321111.0,AU,The Last Full Measure
07/03/2008 ,67.0,"Science Fiction, Animation, Action, Crime, Thriller", Released, English,3500000.0,263990102.2,AU,Batman: Gotham Knight
05/24/2018 ,66.0,"Science Fiction, Adventure, Action", Released, English,275000000.0,393151347.0,AU,Solo: A Star Wars Story
10/13/2006 ,60.0,Action, Released, English,15000000.0,22165608.0,US,The Marine
10/21/2003 ,44.0,"Adventure, Comedy, Family", Released, English,12000000.0,2207949.8,US,George of the Jungle 2
10/01/1985 ,75.0,Horror, Released, English,28000000.0,103452875.0,AU,Dawn of the Dead
10/19/2001 ,59.0,"Adventure, Fantasy, Action, Thriller", Released, English,94000000.0,273330185.0,AU,Lara Croft: Tomb Raider
09/01/2003 ,72.0,"Drama, Romance", Released, English,15000000.0,15121165.0,US,The Dreamers
12/26/2021 ,71.0,"Drama, Romance, Crime", Released, English,6000000.0,47596274.0,AU,West Side Story
09/30/2021 ,61.0,"Drama, War", Released, Chinese,200000000.0,902540935.0,CN,The Battle at Lake Changjin
07/08/2016 ,66.0,"Comedy, Animation", Released, English,78800000.0,712823548.0,US,Mower Minions
09/10/1992 ,72.0,"Comedy, Drama", Released, English,40000000.0,132440066.0,AU,A League of Their Own
02/25/1993 ,76.0,"Romance, Fantasy, Drama, Comedy", Released, English,14600000.0,71112677.0,AU,Groundhog Day
01/16/2015 ,68.0,"Animation, Comedy, Adventure, Family", Released, French,30000000.0,42830578.0,AU,Asterix: The Mansions of the Gods
03/02/1984 ,56.0,"Action, Adventure, Crime, Drama, Romance, Thriller", Released, English,153000000.0,439087989.2,US,Against All Odds
05/06/2020 ,68.0,"Action, Crime, Drama, Thriller", Released, English,12000000.0,22730144.0,AU,Black and Blue
12/03/1982 ,67.0,"Science Fiction, Action, Adventure", Released, English,17000000.0,26919100.0,AU,Tron
04/08/2023 ,0.0,Romance, Released, Tagalog,181600000.0,175269998.8,PH,Unravel: A Swiss Side Love Story
10/13/2011 ,62.0,"Horror, Science Fiction, Mystery, Thriller", Released, English,38000000.0,27573078.0,AU,The Thing
10/27/2022 ,60.0,Drama, Released, Turkish,73800000.0,346352260.6,TR,Cici
03/31/2023 ,0.0,Drama, Released, English,174600000.0,175269998.8,US,His Only Son
12/12/1969 ,70.0,"Comedy, Romance, Music", Released, English,24000000.0,33208099.0,US,"Hello, Dolly!"
04/19/1997 ,75.0,"Animation, Comedy", Released, Japanese,122700000.0,217486131.0,JP,Crayon Shin-chan: Pursuit of the Balls of Darkness
01/10/1963 ,80.0,"Adventure, Drama, History, War", Released, English,15000000.0,69995047.0,AU,Lawrence of Arabia
03/31/2022 ,70.0,"Comedy, Romance, Science Fiction", Released, English,127500000.0,555512512.2,AU,Moonshot
03/23/2000 ,60.0,"Horror, Mystery", Released, English,40000000.0,161838076.0,AU,Scream 3
08/10/2018 ,60.0,Comedy, Released, English,114200000.0,241031716.6,US,The Package
05/10/1995 ,76.0,"Drama, Family, Fantasy", Released, English,17000000.0,10015449.0,US,A Little Princess
01/01/2004 ,61.0,Horror, Released, Japanese,20000000.0,84146832.0,US,Premonition
02/14/2002 ,67.0,"Horror, Mystery, Thriller", Released, English,35000000.0,68712365.0,AU,From Hell
11/22/2003 ,71.0,"Comedy, Romance, Drama", Released, English,45000000.0,246546998.0,AU,Love Actually
06/14/2018 ,70.0,"Drama, Romance", Released, English,6000000.0,104219330.0,AU,Disobedience
09/20/2002 ,68.0,"Comedy, Drama, Romance", Released, English,4000000.0,9412015.0,US,Secretary
04/18/2019 ,65.0,"War, Drama, Romance", Released, English,41540000.0,9215591.0,AU,The Aftermath
04/22/1993 ,73.0,"Fantasy, Horror, Comedy", Released, English,11000000.0,21502976.0,AU,Army of Darkness
06/05/2009 ,61.0,"Comedy, Romance", Released, English,17000000.0,20477425.0,US,My Life in Ruins
03/20/1952 ,81.0,"Crime, Drama, Mystery", Released, Japanese,250000.0,96568.0,AU,Rashomon
08/21/1986 ,76.0,Comedy, Released, English,6000000.0,70136369.0,AU,Ferris Bueller's Day Off
06/23/2022 ,60.0,"TV Movie, Mystery, Thriller, Drama", Released, English,119800000.0,198373187.8,US,I Won't Let You Go
03/10/2023 ,50.0,"History, Drama, Music", Released, English,154400000.0,345020989.6,US,Southern Gospel
12/21/1995 ,73.0,"Fantasy, Science Fiction, Adventure", Released, French,18000000.0,1738611.0,AU,The City of Lost Children
06/28/1996 ,56.0,"Comedy, Crime, Drama", Released, English,50000000.0,113309743.0,US,Striptease
12/07/2010 ,58.0,"Fantasy, Animation, Drama, Comedy, Science Fiction, Family", Released, English,124200000.0,343979776.0,US,Donkey's Christmas Shrektacular
10/07/2016 ,57.0,"Action, Comedy, Mystery", Released, English,187200000.0,295523878.0,GB,War on Everyone
01/26/2018 ,76.0,"Romance, Drama, Music", Released, English,3500000.0,16376066.0,US,Forever My Girl
05/12/2022 ,20.0,Thriller, Released," Spanish, Castilian",12001040.0,38139010.0,CO,Psychosexual
05/14/1984 ,73.0,"Science Fiction, Adventure, Comedy", Released, Polish,107600000.0,721417246.2,PL,Sexmission
12/25/1998 ,62.0,"Adventure, Family, Action, Fantasy", Released, English,80000000.0,50632037.0,US,Mighty Joe Young
12/05/2019 ,67.0,Crime, Released, English,10000000.0,33209936.0,AU,The Good Liar
08/03/1995 ,59.0,"Science Fiction, Horror, Action", Released, English,35000000.0,113354449.0,AU,Species
03/09/2018 ,90.0,Romance, Released, Korean,109800000.0,1155101096.0,KR,Young Mother-in-Law
04/12/1973 ,49.0,Comedy, Released, Italian,127450000.0,909180760.0,IT,Giovannona Long-Thigh
01/13/1982 ,60.0,Comedy, Released," Spanish, Castilian",114200000.0,241031716.6,MX,El día de los albañiles: Los maistros del amor
03/09/1984 ,57.0,"Horror, Thriller", Released, English,800000.0,14568989.0,US,Children of the Corn
02/24/2012 ,62.0,Thriller, Released, English,19000000.0,18100189.0,US,Gone
09/13/2013 ,78.0,Documentary, Released, English,101700000.0,716719914.2,US,Crystal Lake Memories: The Complete History of Friday the 13th
01/20/2021 ,45.0,Romance, Released, Korean,114500000.0,180591246.6,KR,Sister-in-law's Taste 2
01/09/2020 ,13.0,Romance, Released, Korean,132000040.0,38157314.0,KR,Young Older Sister-in-Law 3
03/15/2011 ,67.0,"Animation, Family, Fantasy", Released, English,66400000.0,318617662.4,US,Barbie: A Fairy Secret
11/26/2016 ,63.0,"Action, Crime, Mystery", Released, English,10000000.0,3793739.0,AU,Free Fire
11/23/2022 ,53.0,"Family, Comedy", Released, English,110800000.0,780542819.2,GB,Christmas on Mistletoe Farm
04/09/2023 ,0.0,Drama, Released, Chinese,174600000.0,175269998.8,HK,Vital Sign
03/08/1986 ,38.0,"Drama, Thriller", Released, Japanese,51400000.0,338083083.6,JP,Flower and Snake 3: Punishment
11/22/2011 ,78.0,"Drama, Action, Crime", Released, Portuguese,6431937.4,63027681.0,AU,Elite Squad: The Enemy Within
08/10/2000 ,71.0,"Drama, Romance", Released, English,6000000.0,10619770.0,AU,The Virgin Suicides
10/04/1962 ,76.0,"War, Action, Drama", Released, English,10000000.0,50100000.0,US,The Longest Day
08/16/2007 ,60.0,"Comedy, Romance", Released, English,85000000.0,187134117.0,AU,I Now Pronounce You Chuck & Larry
04/02/2009 ,63.0,"Adventure, Family, Fantasy", Released, English,60000000.0,66655938.0,AU,Inkheart
11/25/2012 ,52.0,"Comedy, Family, TV Movie", Released, English,109400000.0,774314338.4,US,Home Alone: The Holiday Heist
09/19/2019 ,75.0,"Family, Animation, Adventure, Comedy", Released, English,75000000.0,188668688.0,AU,Abominable
03/01/2023 ,60.0,"Comedy, Drama, Family", Released," Spanish, Castilian",106000000.0,242236239.0,ES,Folie à Famille
04/25/2003 ,62.0,"Action, Comedy, Thriller, Crime, Mystery", Released, English,15000000.0,12970401.0,US,Confidence
10/28/2022 ,56.0,"Crime, Drama", Released, English,77200000.0,250609542.6,ZA,Wild Is the Wind
01/30/2019 ,71.0,"Animation, Adventure, Family, Comedy", Released, French,102500000.0,401766981.6,FR,Minuscule 2: Mandibles from Far Away
12/03/1999 ,74.0,"Comedy, Drama, Fantasy", Released, English,13000000.0,32382381.0,AU,Being John Malkovich
09/28/2011 ,70.0,"Action, Science Fiction, Drama", Released, English,110000000.0,263880341.0,AU,Real Steel
02/04/2005 ,68.0,"Comedy, Romance", Released, English,15000000.0,47175038.0,US,The Wedding Date
02/05/1951 ,81.0,"Comedy, Western", Released," Spanish, Castilian",209000000.0,1018310539.4,US,El Siete Machos
04/22/1994 ,54.0,"Romance, Western", Released, English,3940017.8,15240435.0,US,Bad Girls
11/24/2014 ,71.0,"Comedy, Adventure, Family", Released, English,55000000.0,252410984.0,AU,Paddington
01/13/2022 ,67.0,"Horror, Mystery, Thriller", Released, English,24000000.0,138874789.0,AU,Scream
11/04/2022 ,59.0,"Drama, Thriller", Released," Spanish, Castilian",85600000.0,231390603.2,ES,Staring at Strangers
07/14/2021 ,82.0,"Comedy, Drama", Released, English,65000000.0,69688384.0,AU,The Kid
06/12/1998 ,60.0,"Adventure, Action, Comedy, Romance", Released, English,70000000.0,164839294.0,US,Six Days Seven Nights
04/19/2007 ,58.0,"Thriller, Crime, Mystery", Released, English,60795000.0,73090611.0,US,Perfect Stranger
10/24/2019 ,67.0,"Comedy, Drama", Released, English,20000000.0,296432421.6,AU,"Where'd You Go, Bernadette"
05/19/2022 ,70.0,"Thriller, Horror", Released, Norwegian,3400000.0,214883443.8,AU,The Innocents
04/07/2023 ,50.0,Crime, Released, English,107200000.0,954532207.0,US,Gangs of Lagos
10/14/1988 ,63.0,"Fantasy, Horror", Released, English,3500000.0,4385516.0,US,Pumpkinhead
01/18/1940 ,74.0,"Comedy, Drama, Romance", Released, English,90000000.0,480423590.2,US,His Girl Friday
09/05/2005 ,72.0,"Comedy, Crime, Mystery, Thriller", Released, English,15000000.0,15785148.0,AU,Kiss Kiss Bang Bang
06/07/2013 ,79.0,Documentary, Released, English,29551333.2,2063312.0,AU,Blackfish
02/25/2016 ,56.0,"Action, Adventure, Fantasy", Released, English,140000000.0,138836756.0,AU,Gods of Egypt
09/22/1978 ,58.0,"Action, Drama", Released, English,8301468.0,7185518.0,US,Paradise Alley
09/30/2016 ,70.0,"Action, Adventure, Crime, War", Released, Chinese,30200000.0,173000000.0,CN,Operation Mekong
09/21/2011 ,65.0,Drama, Released, French,95600000.0,305560367.8,FR,House of Pleasures
04/05/2007 ,61.0,"Adventure, Animation, Comedy, Family", Released, English,35000000.0,96096018.0,AU,TMNT
04/07/2017 ,57.0,"Drama, Thriller", Released, English,10500000.0,840809.0,US,Aftermath
10/04/1984 ,84.0,"Drama, Crime", Released, English,30000000.0,5576529.0,AU,Once Upon a Time in America
08/24/1984 ,68.0,"Adventure, Action, Romance, Comedy", Released, English,10000000.0,86572238.0,AU,Romancing the Stone
02/03/2023 ,62.0,"Drama, Thriller, Crime", Released, English,133000000.0,407446362.4,US,The Locksmith
10/21/2022 ,49.0,"Thriller, Mystery", Released," Spanish, Castilian",157400000.0,621505546.4,ES,The Man from Rome
04/02/2004 ,77.0,Western, Released, English,730000.0,8000000.0,AU,High Noon
02/15/2022 ,61.0,"Comedy, Romance, Science Fiction", Released, Thai,104400000.0,1103505485.2,TH,AI Love You
05/05/2011 ,73.0,"Thriller, Science Fiction, Mystery", Released, English,32000000.0,140428499.0,AU,Source Code
01/09/2015 ,52.0,"Action, Adventure, Fantasy", Released, English,153800000.0,644347414.0,AU,The Scorpion King 4: Quest for Power
03/29/2017 ,64.0,Action, Released, English,67800000.0,348256501.8,US,The Marine 5: Battleground
10/14/2014 ,54.0,Horror, Released, English,1200000.0,3174356.0,US,Wrong Turn 6: Last Resort
12/26/2008 ,52.0,"Family, Comedy", Released, English,124600000.0,404605095.8,US,Beethoven's Big Break
04/12/2007 ,67.0,"Thriller, Drama, Mystery", Released, English,20000000.0,118537627.0,AU,Disturbia
12/15/2022 ,65.0,"War, Action, Adventure, Thriller", Released, Norwegian,123500000.0,420430064.8,NO,Gold Run
06/25/2014 ,81.0,"Animation, Drama, Fantasy", Released, Japanese,49300000.0,24366656.0,AU,The Tale of The Princess Kaguya
02/18/2020 ,51.0,"Horror, Comedy", Released, English,92800000.0,577173677.8,US,Fat Ass Zombies
04/07/2006 ,83.0,Drama, Released, Japanese,961023.8,55240.0,AU,Ikiru
01/21/2022 ,71.0,Documentary, Released, English,90100000.0,414551647.4,US,Downfall: The Case Against Boeing
02/17/2022 ,48.0,"Mystery, Family", Released, English,104000000.0,524253075.6,US,Erax
07/21/2005 ,60.0,"Action, Adventure, Drama, Thriller", Released, English,75000000.0,34009180.0,AU,Flight of the Phoenix
09/20/2012 ,70.0,"Animation, Comedy, Family, Fantasy", Released, English,85000000.0,378119469.0,AU,Hotel Transylvania
09/01/2017 ,58.0,"Animation, Family, Fantasy", Released, Chinese,10000000.0,92695917.0,AU,The Guardian Brothers
06/03/2010 ,58.0,"Horror, Action, Fantasy", Released, English,26000000.0,67647574.0,AU,Legion
02/25/2011 ,67.0,"Animation, Action, Comedy, Family", Released, English,158000000.0,392188196.0,US,Megamind: The Button of Doom
05/07/2004 ,62.0,Comedy, Released, English,40000000.0,21156715.0,US,New York Minute
06/30/1967 ,74.0,"Western, Adventure, Action, Romance", Released, English,4653000.0,6000000.0,AU,El Dorado
11/03/1988 ,67.0,"Comedy, Romance", Released, English,7000000.0,50888000.0,AU,Bull Durham
09/19/2013 ,62.0,"Animation, Family", Released, English,135000000.0,286896578.0,AU,Turbo
02/17/1973 ,61.0,"Action, Crime", Released, Japanese,173740000.0,479843602.4,JP,Sex and Fury
06/19/2020 ,77.0,"Comedy, Music, Drama", Released, English,73400000.0,1079234048.0,AU,Feel the Beat
03/02/2018 ,61.0,"Action, Crime, Drama, Thriller", Released, English,30000000.0,48575965.0,AU,Death Wish
05/25/2022 ,72.0,"Comedy, Family, Animation", Released, Korean,125600000.0,675965487.4,FR,Larva Pendant
11/11/2020 ,57.0,"Action, Crime, Drama", Released, English,30000000.0,1309971.0,AU,The Tax Collector
02/27/2022 ,70.0,Documentary, Released, English,100140523.8,625891229.0,GB,Fantastic Beasts: A Natural History
08/01/1986 ,62.0,"Horror, Mystery, Thriller", Released, English,3000000.0,19472523.0,US,Friday the 13th Part VI: Jason Lives
08/18/2017 ,65.0,"Animation, Drama, Fantasy", Released, Japanese,39180000.0,26617621.0,JP,Fireworks
10/01/2021 ,77.0,"Action, Comedy, Adventure", Released," Spanish, Castilian",73380000.0,873245191.2,MX,Matando Cabos 2: La Máscara del Máscara
05/09/2008 ,59.0,Drama, Released, English,5838800.0,44852.0,US,The Babysitters
09/01/1981 ,74.0,"Horror, Comedy", Released, English,10000000.0,31973249.0,AU,An American Werewolf in London
09/19/1996 ,60.0,"Action, Drama, Mystery, Thriller", Released, English,100000000.0,234400000.0,AU,Eraser
12/02/2016 ,45.0,Horror, Released, English,114500000.0,172414685.0,US,Isle of the Dead
05/01/2019 ,70.0,"Comedy, Drama", Released, English,10000000.0,29062674.0,AU,Stan & Ollie
08/13/2020 ,68.0,"Action, Horror, Thriller", Released, Korean,17000000.0,39657073.0,AU,Peninsula
01/05/2006 ,55.0,"Family, Animation, Adventure, Comedy, War", Released, English,35000000.0,64188387.0,AU,Valiant
12/07/2006 ,75.0,"Action, Drama, History", Released, English,40000000.0,121032272.0,AU,Apocalypto
12/20/2018 ,62.0,"Action, Crime, Drama", Released, Cantonese,23667081.4,21832649.0,HK,Master Z: Ip Man Legacy
08/10/2017 ,72.0,"Action, History, Drama", Released, Korean,21000000.0,46183383.0,AU,The Battleship Island
07/26/2001 ,68.0,"Comedy, Romance, Drama", Released, English,25000000.0,277902373.0,AU,Bridget Jones's Diary
05/10/2007 ,66.0,"Horror, Thriller, Science Fiction", Released, English,15000000.0,64232714.0,AU,28 Weeks Later
04/20/2013 ,76.0,"Science Fiction, Animation, Drama", Released, Japanese,23150365.4,4843719.0,JP,Steins;Gate: The Movie - Load Region of Déjà Vu
07/08/2021 ,53.0,"Thriller, TV Movie, Drama", Released, English,131600000.0,323696630.8,US,Next-Door Nightmare
06/16/2022 ,60.0,"Thriller, Crime, Drama", Released, English,158400000.0,353310779.0,ZA,Collision
10/22/1987 ,69.0,"Horror, Thriller", Released, English,1000000.0,14575148.0,AU,Hellraiser
04/08/2004 ,58.0,"Comedy, Crime", Released, English,60000000.0,170200225.0,AU,Starsky & Hutch
01/04/2019 ,64.0,"Thriller, Drama, Action, Crime", Released, English,750000.0,0.0,US,Rust Creek
03/10/2018 ,47.0,"Thriller, Mystery", Released, English,139200000.0,937727043.8,US,Don’t Leave Home
08/20/2021 ,72.0,"Thriller, Horror", Released, English,10000000.0,53785551.0,AU,Don't Breathe 2
03/18/2010 ,73.0,"Drama, Thriller, War", Released, English,13000000.0,17856688.0,AU,Brothers
05/11/2006 ,60.0,"Comedy, Crime, Drama, Thriller", Released, English,35000000.0,30526509.0,AU,Two for the Money
09/28/2018 ,68.0,"Science Fiction, Action", Released, English,116000000.0,856081053.0,AU,Venom
02/27/2015 ,51.0,Action, Released, English,25000000.0,5148503.0,US,Outcast
03/05/2015 ,69.0,"Romance, Comedy, Crime, Drama", Released, English,65000000.0,168065700.0,AU,Focus
08/07/2017 ,93.0,Documentary, Released, English,227800000.0,1644265184.4,US,Directing Annabelle: Creation
12/13/1961 ,73.0,"Crime, Drama, Romance", Released, English,100000000.0,74826329.0,US,West Side Story
12/15/2005 ,74.0,"Drama, War, Romance, History", Released, French,22000000.0,17709155.0,AU,Joyeux Noel
02/07/2014 ,53.0,"Horror, Thriller", Released, English,10000000.0,61302731.4,US,Nurse 3-D
01/25/2018 ,71.0,"Drama, Crime", Released, English,30000000.0,59284015.0,AU,Molly's Game
09/27/1990 ,85.0,"Drama, Crime", Released, English,25000000.0,46835000.0,AU,GoodFellas
08/04/2011 ,73.0,"Drama, Comedy, Family", Released, English,9100000.0,20927794.0,AU,Red Dog
07/03/2009 ,43.0,"Action, Comedy, Family", Released, Chinese,111500000.0,468076350.0,CN,Jackie Chan Kung Fu Master
10/09/2018 ,42.0,"Horror, Mystery", Released, English,144000000.0,566095976.8,US,Realms
04/10/2020 ,64.0,"Family, Fantasy", Released, English,77400000.0,286421986.2,IE,Four Kids and It
12/29/2022 ,74.0,"Comedy, Fantasy, Romance", Released," Spanish, Castilian",88200000.0,429165998.8,MX,Malvada
01/13/2022 ,49.0,"Thriller, Mystery, Drama", Released, English,167400000.0,1214472997.6,US,Brazen
03/01/2023 ,60.0,"Action, Comedy, Crime", Released, English,78000000.0,277412220.0,AU,High Heat
02/19/2008 ,55.0,"Comedy, Romance, Drama", Released, English,825000.0,15327010.0,US,After Sex
02/01/2008 ,58.0,"Drama, Horror, Thriller", Released, English,12000000.0,57577765.0,US,The Eye
05/12/1960 ,79.0,"Action, Drama, History", Released, English,95000000.0,91669648.0,AU,Ben-Hur
04/13/1984 ,61.0,Horror, Released, English,2600000.0,32980880.0,US,Friday the 13th: The Final Chapter
11/15/1984 ,73.0,"Horror, Mystery, Science Fiction", Released, English,5952000.0,2120755.0,AU,Videodrome
03/18/2010 ,64.0,"Animation, Comedy", Released, English,98400000.0,433727420.8,US,The Drawn Together Movie: The Movie!
01/06/2011 ,66.0,"Action, Thriller", Released, English,95000000.0,165720921.0,AU,Unstoppable
04/07/2016 ,69.0,"Family, Adventure, Drama, Fantasy", Released, English,175000000.0,953535821.0,AU,The Jungle Book
01/14/2022 ,59.0,"Animation, Fantasy, Music, Adventure, Comedy, Family", Released, English,125400000.0,320224992.8,US,Riverdance: The Animated Adventure
12/14/2017 ,0.0,, Released, English,35000000.0,701012746.0,BE,It
02/13/2018 ,68.0,"Adventure, Animation, Comedy, Family, Science Fiction", Released, English,10000000.0,253136523.6,US,Lego DC Comics Super Heroes: The Flash
09/13/2011 ,65.0,"Drama, Action", Released, English,3000000.0,0.0,US,Never Back Down 2: The Beatdown
04/18/1940 ,76.0,"Adventure, Fantasy, Family", Released, English,2777000.0,34949482.0,AU,The Wizard of Oz
10/27/1976 ,72.0,Comedy, Released, French,82400000.0,400066522.0,FR,The Wing or the Thigh?
05/09/2013 ,61.0,"Thriller, Drama, Action", Released, English,850000.0,0.0,AU,Snitch
02/09/2023 ,84.0,"Animation, Comedy, Romance", Released, Japanese,101800000.0,466916011.4,AU,Kaguya-sama: Love Is War -The First Kiss That Never Ends-
10/13/1995 ,61.0,"Drama, Romance, Western", Released, English,50000000.0,10359006.0,US,The Scarlet Letter
10/08/2021 ,66.0,"Animation, Drama, Fantasy, Family", Released, Japanese,111000000.0,578137111.6,JP,Child of Kamiari Month
05/02/2019 ,70.0,Crime, Released, English,128000000.0,355806627.4,AU,"Extremely Wicked, Shockingly Evil and Vile"
07/24/2020 ,65.0,"Crime, Thriller", Released," Spanish, Castilian",5989313.0,173168556.2,ES,Offering to the Storm
12/21/2006 ,51.0,"Fantasy, Action, Adventure, Family", Released, English,100000000.0,249488115.0,AU,Eragon
02/12/2014 ,61.0,"Fantasy, Romance", Released, French,20000000.0,438656843.0,FR,Beauty and the Beast
10/28/2011 ,58.0,"Action, Drama, Crime", Released, English,17000000.0,4729855.0,US,The Double
04/01/1982 ,54.0,"Action, Adventure, Fantasy", Released, English,4000000.0,39103425.0,US,The Sword and the Sorcerer
08/23/2013 ,66.0,"Action, Adventure, Drama", Released, English,9000000.0,6108720.0,AU,All Is Lost
11/23/2017 ,77.0,"Family, Comedy, Animation, Adventure, TV Movie", Released, English,123000000.0,945719756.4,US,Hey Arnold! The Jungle Movie
08/28/2014 ,57.0,"Mystery, Thriller, Crime", Released, English,169600000.0,453824304.6,AU,Felony
11/29/2012 ,51.0,"Family, Adventure, Comedy", Released, French,61000000.0,61319383.0,AU,Asterix & Obelix: God Save Britannia
11/24/2005 ,58.0,"Adventure, Fantasy, Action, Comedy, Thriller", Released, English,80000000.0,105299638.0,AU,The Brothers Grimm
12/16/1981 ,61.0,"Drama, Thriller", Released, French,98400000.0,251792115.2,FR,Deep Water
05/07/2021 ,72.0,"Romance, Drama", Released, English,96200000.0,585750349.2,AU,An Autumn Romance
11/14/2014 ,66.0,"Western, Drama", Released, English,16000000.0,8217571.0,US,The Homesman
05/25/2008 ,66.0,"Comedy, Drama, Romance", Released, English,57500000.0,415247258.0,AU,Sex and the City
06/07/2018 ,64.0,"Animation, Family", Released, German,51400000.0,379998436.2,DK,Luis und die Aliens
12/13/2018 ,46.0,"Drama, Romance", Released, English,107000000.0,625144639.8,US,American Kamasutra
06/17/2021 ,72.0,"Action, Adventure, Crime, Thriller", Released, English,200000000.0,726229501.0,AU,F9
03/05/2009 ,73.0,"Action, Mystery, Science Fiction", Released, English,138000000.0,186976250.0,AU,Watchmen
03/18/2008 ,41.0,"Action, Science Fiction, Adventure", Released, English,500000.0,1261937.0,US,War of the Worlds 2: The Next Wave
02/18/1994 ,51.0,Action, Released, English,50000000.0,38590458.0,US,On Deadly Ground
08/28/2015 ,78.0,"Drama, Romance", Released, English,3000000.0,73989734.0,US,War Room
09/17/2022 ,58.0,"Comedy, Drama", Released," Spanish, Castilian",84800000.0,182940447.4,UY,Horseplay
09/13/2014 ,77.0,"Action, Adventure, Drama, Fantasy", Released, Japanese,124200000.0,640997166.4,JP,Rurouni Kenshin Part III: The Legend Ends
12/01/2016 ,64.0,"Thriller, Crime, Mystery", Released, English,7938531.4,22586863.0,AU,Solace
04/04/2022 ,61.0,"Comedy, Romance, Fantasy", Released, Italian,3500000.0,13795053.0,IT,She's the One
10/14/2015 ,73.0,"Animation, Family, Adventure, Fantasy", Released, French,17000000.0,15730665.0,FR,Mune: Guardian of the Moon
12/26/2017 ,82.0,"Romance, Drama", Released, English,3500000.0,41649462.0,AU,Call Me by Your Name
03/17/1959 ,79.0,Western, Released, English,29521149.2,5800000.0,US,Rio Bravo
10/21/1971 ,74.0,"Comedy, Western", Released, Italian,6122001.4,2100000.0,IT,Trinity Is Still My Name
12/17/2021 ,73.0,"Drama, Science Fiction", Released, English,63000000.0,563390197.0,US,Swan Song
01/31/2009 ,59.0,"Comedy, Drama", Released, French,135140000.0,665303616.4,FR,Thawing Out
06/22/2022 ,54.0,"Romance, Comedy, Drama", Released, English,122400000.0,385649598.4,US,Love & Gelato
09/17/2015 ,65.0,"Drama, Crime, History", Released, English,53000000.0,98837872.0,AU,Black Mass
10/16/2014 ,65.0,"Thriller, Mystery", Released, English,22000000.0,19563579.0,AU,Before I Go to Sleep
12/25/1981 ,53.0,Drama, Released, Japanese,119600000.0,362461687.2,JP,Angel Guts: Red Porno
12/26/2011 ,73.0,"War, Drama, Action", Released, English,70000000.0,156815529.0,AU,War Horse
07/26/2018 ,10.0,"Drama, Romance", Released, Korean,201940000.0,38157314.0,KR,An Affair: My Sister-in-law's Love
09/03/2021 ,64.0,"Fantasy, Romance, Comedy", Released, English,95000000.0,542351353.0,AU,Cinderella
09/02/2020 ,66.0,"Action, Crime", Released, English,53012938.0,107190108.0,AU,Shaft
03/05/2008 ,54.0,"Adventure, Action, Drama, Fantasy", Released, English,105000000.0,269784201.0,AU,"10,000 BC"
01/17/2008 ,70.0,"Comedy, Drama, Romance", Released, English,7000000.0,231450102.0,AU,Juno
08/09/2019 ,73.0,Drama, Released, English,10000000.0,4376820.0,US,Brian Banks
07/01/2020 ,61.0,"Action, Adventure, Family, Fantasy", Released, Russian,49000000.0,105472142.8,AU,Iron Mask
04/01/2023 ,85.0,"Action, Family", Released, English,10000000.0,69708877.0,US,WWE WrestleMania 39 Saturday
02/05/2021 ,60.0,"Crime, Drama, Thriller", Released, English,50000000.0,161626121.0,US,Payback
08/02/2019 ,77.0,Comedy, Released," Spanish, Castilian",3400000.0,15894372.0,ES,Father There Is Only One
06/21/2002 ,53.0,"Crime, Drama, Thriller", Released, English,250000.0,144008.0,US,Dahmer
03/02/2011 ,57.0,"Comedy, Romance", Released, English,68000000.0,87173475.0,AU,Hall Pass
04/17/2018 ,52.0,"Action, Horror, Science Fiction", Released, English,156000000.0,199768995.2,US,Deep Blue Sea 2
03/03/2017 ,60.0,"Fantasy, Horror", Released, English,3500000.0,43462750.4,US,Don't Kill It
05/04/2019 ,62.0,"Thriller, Horror", Released, English,110000000.0,244165005.2,US,47 Hours to Live
03/08/2001 ,56.0,"Comedy, Romance", Released, English,10000000.0,19860259.0,US,Get Over It
01/26/1978 ,75.0,Comedy, Released, German,90200000.0,668589731.2,DE,Die neuen Abenteuer des Sanitätsgefreiten Neumann
08/16/2018 ,62.0,"Action, Science Fiction, Horror", Released, English,178000000.0,527267828.0,AU,The Meg
02/21/2003 ,74.0,"Drama, Thriller, Crime", Released, English,50000000.0,28920188.0,US,The Life of David Gale
10/26/2022 ,60.0,Horror, Released, Polish,146740000.0,301123555.2,PL,Hellhole
04/20/1978 ,66.0,Drama, Released, Italian,47220616.4,319773152.6,IT,Sexy Night Report n. 2
07/12/2018 ,63.0,"Action, Thriller", Released, English,125000000.0,304858121.0,AU,Skyscraper
12/09/2012 ,76.0,"Thriller, Animation, Fantasy", Released, Japanese,123000000.0,779116911.6,AU,Puella Magi Madoka Magica the Movie Part II: Eternal
06/07/2017 ,58.0,Comedy, Released, English,72440000.0,220176894.4,AU,The Little Hours
06/29/1995 ,54.0,"Action, Crime, Fantasy", Released, English,100000000.0,336529144.0,AU,Batman Forever
11/23/1995 ,63.0,"Adventure, Comedy, Family", Released, English,9368225.8,30112050.0,AU,Major Payne
12/26/1999 ,72.0,"Science Fiction, Comedy, Drama", Released, English,90000000.0,87420776.0,AU,Bicentennial Man
07/12/2019 ,59.0,"Crime, Comedy, Drama", Released, English,3000000.0,84933995.2,US,Lying and Stealing
11/10/2016 ,76.0,"Drama, Science Fiction, Mystery", Released, English,47000000.0,202754970.0,AU,Arrival
05/08/1997 ,60.0,"Horror, Mystery, Thriller", Released, English,60000000.0,33956608.0,AU,The Relic
03/09/2018 ,54.0,"Thriller, Crime", Released, English,6140017.8,55429.0,US,Bent
03/13/2015 ,67.0,Drama, Released, English,75500000.0,509726081.0,GB,X+Y
06/26/2020 ,64.0,"Comedy, Music", Released, English,51400000.0,441322392.2,AU,Eurovision Song Contest: The Story of Fire Saga
10/29/2011 ,54.0,"Action, Horror, Science Fiction", Released, English,159600000.0,459045829.8,US,Zombie Apocalypse
11/27/2009 ,75.0,"Adventure, Drama, Action", Released, Chinese,12000000.0,13380561.0,AU,Mulan: Rise of a Warrior
03/29/1985 ,53.0,"Action, Adventure, History, Drama", Released, English,22000000.0,5111099.0,US,King David
04/06/2022 ,59.0,Thriller, Released, French,164900000.0,690959382.4,FR,Inexorable
11/08/2019 ,30.0,Romance, Released, Korean,15541000.0,38139010.0,KR,Mom's Friend 6
12/14/2012 ,60.0,"Thriller, Comedy, Action", Released, English,105000000.0,457250016.0,US,Stand Up Guys
10/03/1997 ,66.0,"Crime, Drama, Thriller", Released, English,19000000.0,6682098.0,US,U Turn
04/08/2014 ,56.0,"Mystery, Thriller", Released, English,650000.0,0.0,AU,After
09/30/2016 ,58.0,Horror, Released, English,70740000.0,431298841.2,CA,The Midnight Man
02/10/2022 ,51.0,"Action, Mystery, Adventure", Released, Chinese,116000000.0,421793540.2,CN,The Mystic Nine: Begonia from Qingshan
01/28/2017 ,61.0,"Adventure, Fantasy, Action", Released, Chinese,63300000.0,731607.0,CN,Journey to the West: The Demons Strike Back
03/28/2002 ,59.0,"Family, Action, Adventure, Animation, Comedy, Science Fiction", Released, English,25000000.0,102992536.0,AU,Jimmy Neutron: Boy Genius
07/29/2010 ,62.0,"Adventure, Action, Drama", Released, English,15000000.0,7885048.0,AU,Centurion
10/09/1987 ,69.0,Comedy, Released, English,6000000.0,3685862.0,US,Three O'Clock High
07/05/1984 ,55.0,"Crime, Horror, Thriller", Released, English,91800000.0,298735768.2,AU,They're Playing with Fire
02/22/1990 ,64.0,"Action, Adventure, Comedy, Thriller", Released, English,55000000.0,63408614.0,AU,Tango & Cash
11/13/2015 ,61.0,"Action, Crime, Thriller", Released, English,35000000.0,28906817.0,US,Heist
05/26/2017 ,62.0,"Thriller, Mystery", Released, English,142000000.0,609414498.8,US,Black Butterfly
08/10/2022 ,74.0,"Animation, Family, Comedy, Science Fiction", Released, English,148000000.0,443047789.4,US,The Little Guy
01/15/1985 ,60.0,Drama, Released, Japanese,73800000.0,346352260.6,JP,High School Teacher: Maturing
12/12/2009 ,75.0,"Animation, Fantasy, Adventure", Released, Japanese,18706460.0,53000000.0,JP,One Piece: Strong World
03/05/2009 ,75.0,"Family, Adventure, Drama", Released, English,11000000.0,39994347.0,AU,The Secret Life of Bees
10/13/2022 ,75.0,"Crime, Drama, Thriller", Released, Persian,4102101.8,1252637.0,DK,Holy Spider
11/26/1998 ,53.0,"Horror, Mystery, Thriller", Released, English,24000000.0,40020622.0,AU,I Still Know What You Did Last Summer
04/06/2023 ,0.0,, Released, English,167540000.0,175269998.8,GB,Hamlet: Bristol Old Vic Live
02/25/1983 ,70.0,"Drama, Romance", Released, English,6000000.0,129795554.0,AU,An Officer and a Gentleman
07/23/1970 ,70.0,"Comedy, Drama, War", Released, English,3500000.0,81600000.0,AU,M*A*S*H
09/23/2021 ,58.0,"Thriller, Horror", Released, English,107000000.0,297177664.0,CA,Motherly
03/10/2005 ,69.0,Drama, Released, English,30000000.0,61950770.0,AU,Friday Night Lights
04/03/2004 ,60.0,"Fantasy, Animation, Comedy, Family, Adventure", Released, English,127000000.0,425824312.8,GB,The Ghost of Lord Farquaad
02/16/2013 ,64.0,"Family, Animation, Action, Adventure, Fantasy, Science Fiction", Released, Japanese,52390007.0,44057737.0,AU,Pokémon the Movie: Kyurem vs. the Sword of Justice
08/30/2013 ,84.0,"Documentary, Music", Released, English,10000000.0,68500000.0,US,One Direction: This Is Us
09/11/2014 ,57.0,"Animation, Action, Adventure, Family", Released, English,145000000.0,448191819.0,AU,Tarzan
09/09/1999 ,74.0,"Family, Adventure, Animation, Drama", Released, English,145000000.0,448191819.0,AU,Tarzan
10/16/2015 ,76.0,"Drama, War", Released, English,6000000.0,90777.0,US,Beasts of No Nation
04/30/2013 ,77.0,"Crime, Drama, Thriller", Released, English,320000.0,58394717.4,AU,The Killing
04/08/2021 ,72.0,"Animation, Action, Adventure, History, Drama, Fantasy", Released, Japanese,2000000.0,3607899.0,AU,Fate/Grand Order the Movie: Divine Realm of the Round Table: Camelot Wandering; Agateram
04/22/2006 ,73.0,"Crime, Drama", Released, English,1517792.0,3154346.0,AU,Green Street Hooligans
12/03/2019 ,81.0,"Animation, Fantasy, Adventure, Action, Family", Released, English,203000000.0,667583138.8,AU,How to Train Your Dragon: Homecoming
08/21/2015 ,59.0,Horror, Released, English,10000000.0,54104225.0,GB,Sinister 2
11/17/2005 ,75.0,"Romance, Fantasy, Animation", Released, English,30000000.0,114770654.0,AU,Corpse Bride
12/17/2008 ,56.0,"Drama, Science Fiction, Thriller", Released, English,80000000.0,237370350.0,AU,The Day the Earth Stood Still
08/01/2015 ,71.0,"Family, Music, Adventure, Comedy, Fantasy, TV Movie", Released, English,124200000.0,464769609.6,AU,Descendants
10/17/2019 ,70.0,"Comedy, Horror", Released, English,48000000.0,125213018.0,AU,Zombieland: Double Tap
10/29/1998 ,61.0,"Adventure, Animation, Comedy, Family", Released, English,60000000.0,152457863.0,AU,Antz
08/13/1999 ,63.0,"Fantasy, Family", Released, English,3000000.0,0.0,AU,Alice in Wonderland
06/16/2005 ,69.0,"Family, Animation, Adventure, Comedy", Released, English,75000000.0,556559566.0,AU,Madagascar
03/27/2003 ,61.0,"Action, Crime, Drama", Released, English,25000000.0,56434942.0,AU,Cradle 2 the Grave
05/26/1994 ,68.0,"Thriller, Crime, Romance, Drama", Released, English,2500000.0,257720413.2,AU,The Last Seduction
10/16/1998 ,60.0,"Comedy, Horror", Released, English,25000000.0,50692188.0,US,Bride of Chucky
04/07/2023 ,0.0,Documentary, Released, No Language,241940000.0,175269998.8,GB,Grenfell
04/07/2023 ,0.0,, Released, Marathi,167540000.0,175269998.8,IN,Circuitt
05/21/1992 ,75.0,"Comedy, Crime", Released, English,11000000.0,52929168.0,AU,My Cousin Vinny
09/06/1984 ,63.0,"Horror, Thriller, Science Fiction", Released, English,15000000.0,15136870.0,AU,Firestarter
06/18/1999 ,68.0,"Comedy, Drama, Romance", Released," Spanish, Castilian",80600000.0,569018789.2,MX,"Sex, Shame & Tears"
11/25/2009 ,64.0,"Fantasy, Action, Science Fiction", Released, English,50000000.0,1250617.0,AU,Outlander
06/04/2015 ,64.0,"Romance, Thriller", Released," Dutch, Flemish",77400000.0,527322591.6,NL,Obsession
04/25/2012 ,77.0,"Science Fiction, Action, Adventure", Released, English,60000000.0,48585416.0,AU,The Avengers
08/25/2021 ,81.0,Music, Released, Japanese,180000000.0,678909900.8,JP,Kimetsu Orchestra Concert
06/02/2017 ,35.0,"Adventure, Science Fiction", Released, English,49770000.0,329856760.8,TW,Stasis
07/03/2008 ,63.0,"Fantasy, Action", Released, English,150000000.0,624234272.0,AU,Hancock
11/12/2021 ,72.0,"Animation, Drama, Mystery, Fantasy", Released, Japanese,107200000.0,632203108.6,JP,Summer Ghost
10/21/1992 ,63.0,"Action, Thriller", Released, English,35000000.0,156563139.0,AU,Under Siege
03/15/2023 ,70.0,"Drama, Romance", Released, Korean,62200000.0,606036971.0,KR,Soulmate
12/12/2013 ,68.0,"Drama, Crime", Released, English,40000000.0,257858943.0,AU,American Hustle
03/21/2002 ,73.0,"Animation, Comedy, Family, Adventure", Released, English,65000000.0,386116343.0,AU,Ice Age
12/18/2020 ,61.0,"Action, Drama, Thriller", Released," Spanish, Castilian",35000000.0,83109359.0,ES,Sky High
12/20/1974 ,79.0,"Crime, Drama, Mystery, Thriller", Released, English,6000000.0,23169837.0,AU,Chinatown
07/12/2021 ,75.0,"Animation, Mystery, Action, Crime", Released, English,141000000.0,937353330.4,AU,"Batman: The Long Halloween, Part One"
01/20/2013 ,53.0,"Comedy, Horror", Released, English,3420000.0,9195.0,US,Ghost Team One
10/17/2019 ,73.0,"Family, Fantasy, Adventure, Action", Released, English,185000000.0,489181357.0,AU,Maleficent: Mistress of Evil
07/11/2007 ,77.0,"Adventure, Fantasy, Mystery", Released, English,150000000.0,939619849.0,AU,Harry Potter and the Order of the Phoenix
12/25/2021 ,74.0,Drama, Released, English,902001.4,25000000.0,US,American Underdog
11/10/2019 ,58.0,Romance, Released, Korean,85100000.0,292263719.2,KR,Swingers Party with My Friend
02/18/2021 ,74.0,Drama, Released, English,2000000.0,15474659.0,AU,Minari
04/01/2021 ,70.0,"Thriller, History, Drama, Action", Released, English,57080000.0,26000000.0,AU,The Courier
08/09/2018 ,64.0,"Action, Comedy", Released, English,40000000.0,78998245.0,AU,The Spy Who Dumped Me
07/28/2011 ,66.0,"Action, Thriller, Adventure", Released, English,30000000.0,65343694.0,AU,Hanna
04/11/2017 ,60.0,"Drama, Romance", Released, Korean,140200000.0,132578310.8,KR,Chained - The Seduction of Two Women
06/24/2011 ,62.0,"Romance, Adventure, Action, History", Released, English,25000000.0,5297411.0,AU,Ironclad
02/04/2004 ,68.0,"Western, Adventure, Action", Released, English,78000000.0,108086731.0,AU,Hidalgo
08/18/2015 ,70.0,"Animation, Action, Adventure, Family, Comedy", Released, English,122800000.0,418584467.0,US,LEGO DC Comics Super Heroes: Justice League - Attack of the Legion of Doom!
09/11/1962 ,74.0,"Drama, Comedy, Romance", Released, English,55000000.0,1147784.0,GB,Lolita
03/12/2020 ,68.0,"Action, Science Fiction", Released, English,45000000.0,37163054.0,AU,Bloodshot
07/08/2004 ,79.0,"Adventure, Animation, Fantasy", Released, Japanese,1000000.0,3301446.0,AU,Nausicaä of the Valley of the Wind
03/17/1977 ,78.0,"Drama, Romance", Released, English,1000000.0,225000000.0,AU,Rocky
06/10/2020 ,40.0,"Drama, Romance", Released, Korean,101800000.0,567601271.2,KR,Sister-in-law's Taste
12/19/2012 ,60.0,"Horror, Thriller", Released, English,14000000.0,82925064.0,AU,The Possession
08/22/2019 ,80.0,"Animation, Drama, Fantasy, Romance", Released, Japanese,27610000.0,186965409.0,AU,Weathering with You
10/18/2016 ,71.0,"Drama, Romance", Released, English,20000000.0,22281732.0,AU,The Light Between Oceans
05/26/2016 ,66.0,"Adventure, Family, Fantasy", Released, English,170000000.0,276928112.0,AU,Alice Through the Looking Glass
03/30/2022 ,64.0,"Comedy, Drama", Released," Spanish, Castilian",115500000.0,365470598.0,AR,All Hail
04/07/1995 ,51.0,"Family, Adventure, Action, Comedy", Released, English,4140000.0,413479.0,US,3 Ninjas Knuckle Up
09/01/2016 ,43.0,Romance, Released, Korean,139800000.0,558017045.2,KR,Mom's Friend 2
08/28/2010 ,59.0,"Drama, Romance, Thriller", Released, Japanese,119100000.0,298947444.2,JP,Flower & Snake 3
12/16/2010 ,69.0,"Drama, Romance", Released, English,1000000.0,16566240.0,AU,Blue Valentine
09/07/2022 ,72.0,Drama, Released, French,26848000.0,3492269.0,FR,Revoir Paris
11/10/2022 ,63.0,"Romance, Comedy, Family", Released, English,119800000.0,729856053.0,US,Falling for Christmas
04/05/1951 ,68.0,"Drama, Horror, Science Fiction", Released, English,113000000.0,378013695.8,US,The Thing from Another World
04/12/2017 ,69.0,"Action, Crime, Thriller", Released, English,250000000.0,1236703796.0,AU,The Fate of the Furious
06/02/2005 ,55.0,"Horror, Comedy", Released, English,35000000.0,25114901.0,AU,Cursed
09/20/2001 ,70.0,"Animation, Family, Adventure, Science Fiction", Released, English,90000000.0,186049020.0,AU,Atlantis: The Lost Empire
10/07/2011 ,48.0,"Drama, Horror, Crime", Released, English,148800000.0,904907413.0,US,The Human Centipede 2 (Full Sequence)
09/14/2006 ,55.0,"Animation, Comedy, Family, Adventure", Released, English,60000000.0,147985373.0,AU,Garfield: A Tail of Two Kitties
10/06/2016 ,68.0,"Drama, Action", Released, English,156000000.0,122359309.0,AU,Deepwater Horizon
10/06/2015 ,62.0,"Horror, Mystery", Released, English,134000000.0,492292832.2,US,Last Shift
08/25/1989 ,61.0,"Crime, Thriller, Action", Released, English,128800000.0,381292886.6,US,The Package
01/17/2019 ,66.0,"Drama, History", Released, English,25000000.0,48481754.0,AU,Mary Queen of Scots
03/14/1981 ,69.0,"Animation, Science Fiction, War", Released, Japanese,99600000.0,451280994.6,JP,Mobile Suit Gundam I
04/28/2006 ,60.0,"Comedy, Romance", Released, English,500000.0,745327.0,US,Another Gay Movie
07/17/1997 ,67.0,"Action, Thriller, Crime", Released, English,80000000.0,224117573.0,AU,Con Air
03/10/2022 ,59.0,Comedy, Released," Spanish, Castilian",135159000.0,234980052.8,MX,40 Years Young
06/09/2017 ,65.0,"Drama, Comedy", Released," Spanish, Castilian",5000000.0,249204.0,ES,Skins
06/05/1929 ,75.0,Fantasy, Released, French,80800000.0,517852458.4,FR,Un Chien Andalou
09/07/2018 ,63.0,"Comedy, Drama, Romance", Released, English,100760000.0,558095583.4,AU,Sierra Burgess Is a Loser
07/22/2010 ,59.0,"Comedy, Drama, Romance", Released, English,20026068.0,6344112.0,AU,Greenberg
04/09/1998 ,60.0,"Adventure, Fantasy, Action, Comedy, Family", Released, English,29000000.0,54045832.0,AU,The Borrowers
03/20/2014 ,46.0,Horror, Released, English,7000000.0,36146087.0,AU,Devil's Due
11/08/1996 ,67.0,"Horror, Drama, Fantasy", Released, English,15000000.0,55669466.0,AU,The Craft
06/11/1970 ,68.0,Western, Released, English,1800000.0,6800000.0,AU,Hang 'em High
09/26/2018 ,71.0,Comedy, Released, English,947000.0,134072628.2,AU,The Producers
12/18/2015 ,46.0,"Action, Thriller", Released, English,65000000.0,0.0,US,Extraction
01/16/1997 ,57.0,"Science Fiction, Action, Drama, Thriller", Released, English,55000000.0,60209334.0,AU,Chain Reaction
04/16/2010 ,69.0,"Drama, Family", Released, English,12500000.0,3931367.0,US,The Perfect Game
09/25/1999 ,61.0,"Action, Drama, Romance", Released, English,75000000.0,219519367.0,US,Inferno
05/04/1984 ,67.0,"Action, Drama, History", Released, English,25000000.0,8613462.0,US,The Bounty
01/24/2008 ,66.0,"Comedy, Music, Drama", Released, English,35000000.0,20606053.0,AU,Walk Hard: The Dewey Cox Story
09/28/2004 ,73.0,"Adventure, Drama, Action", Released, Chinese,12000000.0,92863945.0,AU,House of Flying Daggers
09/29/2016 ,64.0,"Adventure, Action, Western", Released, English,90000000.0,162122642.0,AU,The Magnificent Seven
08/23/2013 ,63.0,"Science Fiction, Horror, Thriller", Released, English,3000000.0,91266581.0,AU,The Purge
12/24/1981 ,74.0,"Adventure, Action, Thriller, Science Fiction", Released, English,2000000.0,24600832.0,AU,Mad Max 2
08/21/1981 ,69.0,"Action, Adventure, Fantasy, Romance", Released, English,15000000.0,44400000.0,AU,Clash of the Titans
12/21/2017 ,74.0,Drama, Released, English,2000000.0,11275645.0,AU,The Florida Project
08/08/2013 ,54.0,"Comedy, Crime", Released, English,94700000.0,140288308.8,AU,Gambit
10/31/2021 ,62.0,, Released, German,107200000.0,356755849.0,DE,Phantastische Harry Potter Momente - Das große SAT.1 Spezial
01/15/2021 ,64.0,"Thriller, Action, Science Fiction", Released, English,94800000.0,250162022.0,AU,Outside the Wire
12/26/1996 ,68.0,"Drama, Romance", Released, English,14500000.0,147298761.0,AU,Romeo + Juliet
10/06/2020 ,79.0,"Family, Animation, Mystery, Comedy", Released, English,132000000.0,483699451.4,US,"Happy Halloween, Scooby-Doo!"
04/21/2023 ,0.0,"Action, Drama, War", Post Production, English,55000000.0,1240261.6,US,Guy Ritchie's The Covenant
12/09/2000 ,53.0,"Fantasy, Drama, History", Released, English,84600000.0,862758779.2,DE,The Apocalypse
03/30/2006 ,74.0,"Crime, Drama, Thriller", Released, English,50000000.0,185798265.0,AU,Inside Man
09/25/1968 ,74.0,"Drama, Romance", Released, English,4340001.4,38901218.0,US,Romeo and Juliet
07/30/2011 ,73.0,"Thriller, Animation, Action, Comedy, Horror, Mystery", Released, Japanese,1545000.0,9100000.0,JP,Naruto Shippuden the Movie: Blood Prison
05/05/2022 ,53.0,"Drama, Western, Thriller", Released, English,103800000.0,1018535083.8,AU,The Drover's Wife: The Legend of Molly Johnson
04/01/2021 ,69.0,"Comedy, Family, Animation", Released, English,50000000.0,136536687.0,AU,Tom & Jerry
02/13/1997 ,74.0,"Crime, Horror, Mystery", Released, English,24000000.0,138874789.0,AU,Scream
12/02/2021 ,62.0,"Crime, Thriller, Drama", Released, English,8020689.0,4546332.0,AU,The Card Counter
04/12/2015 ,55.0,"Animation, Drama, Thriller", Released, Japanese,86100000.0,488100778.0,JP,The Labyrinth of Grisaia
08/05/1960 ,58.0,Horror, Released, English,70740000.0,431298841.2,US,13 Ghosts
12/15/1990 ,73.0,"Crime, Drama, Romance", Released, Cantonese,25937792.0,141864.0,HK,Days of Being Wild
12/16/2022 ,56.0,Horror, Released, English,20000000.0,108938817.2,US,Lullaby
12/19/2014 ,62.0,"Comedy, Drama, Family", Released, English,65000000.0,139829625.0,US,Annie
07/23/2015 ,64.0,"Comedy, Fantasy, Adventure", Released, Chinese,28933400.0,387053506.0,AU,Monster Hunt
02/15/2019 ,56.0,"Family, Action, Adventure, Comedy, TV Movie", Released, English,114200000.0,590920307.4,US,Kim Possible
01/18/2019 ,69.0,Documentary, Released, English,111600000.0,767228967.6,US,Fyre
01/14/2022 ,62.0,"Thriller, Crime, Action", Released, English,15240689.0,6807158.0,AU,Copshop
12/25/1999 ,72.0,"Thriller, Crime, Drama", Released, English,40000000.0,128792130.0,US,The Talented Mr. Ripley
12/04/2014 ,62.0,"Family, Comedy", Released, English,28000000.0,100654149.0,AU,"Alexander and the Terrible, Horrible, No Good, Very Bad Day"
12/19/2022 ,65.0,Comedy, Released, Italian,100000000.0,246367071.0,IT,The Price of Family
02/24/2011 ,62.0,"Action, Thriller, Science Fiction, Adventure", Released, English,50000000.0,149878437.0,AU,I Am Number Four
11/02/2000 ,76.0,"Drama, Comedy, Music", Released, English,5000000.0,109252972.0,AU,Billy Elliot
11/26/1975 ,80.0,"Drama, Romance, War", Released, English,11000000.0,20198512.0,GB,Barry Lyndon
03/02/2022 ,62.0,Drama, Released, French,110800000.0,408974526.0,FR,Nobody's Hero
02/26/2015 ,66.0,"Crime, Drama, Thriller", Released, English,20000000.0,8869722.0,AU,A Most Violent Year
08/04/2010 ,68.0,"Drama, Romance", Released, English,30000000.0,165889117.0,AU,Step Up 3D
06/10/2021 ,84.0,"Animation, Drama, Romance", Released, Japanese,127200000.0,774537322.2,AU,"Josee, the Tiger and the Fish"
08/23/2019 ,66.0,"Animation, Action, Adventure, Family, Fantasy, Romance", Released, Japanese,103000000.0,395805039.2,JP,NiNoKuni
05/14/2020 ,10.0,Romance, Released, Korean,201940000.0,38157314.0,KR,Wife for Rent
03/10/2023 ,68.0,"Comedy, Drama", Released, Portuguese,103040000.0,412503777.6,MX,Have a Nice Day!
01/01/2022 ,66.0,"Drama, Crime, History", Released, English,75000000.0,147474138.0,AU,House of Gucci
03/23/1978 ,64.0,"Drama, Action, Thriller", Released, Cantonese,850000.0,211802400.4,HK,Game of Death
10/30/1987 ,69.0,"Horror, Science Fiction, Thriller", Released, English,5000000.0,9747988.0,US,The Hidden
01/26/2017 ,74.0,Drama, Released, English,1500000.0,64895106.0,AU,Moonlight
10/23/2014 ,75.0,"War, Drama, Action", Released, English,80000000.0,210315681.0,AU,Fury
06/24/2022 ,66.0,"Action, Adventure, Comedy", Released, English,75000000.0,416154234.2,US,The Man from Toronto
02/25/2010 ,57.0,"Action, Crime, Drama, Thriller, Mystery", Released, English,20000000.0,23661038.0,AU,Armored
01/21/2019 ,77.0,"Adventure, Family, TV Movie", Released, English,132600000.0,493834098.0,US,Bixler High Private Eye
06/10/2004 ,60.0,"Action, Drama, Romance, Thriller", Released, Thai,123200000.0,435195464.2,TH,The Sin
06/24/2015 ,37.0,Horror, Released, English,1470000.0,16184.0,AU,The Human Centipede 3 (Final Sequence)
07/26/2017 ,64.0,"Adventure, Comedy, Family, Animation", Released, French,87800000.0,328664924.4,FR,The Jungle Bunch
01/09/2009 ,61.0,"Comedy, Romance, Drama", Released, English,5.0,1.0,AU,Sex and Death 101
08/06/2021 ,75.0,"Drama, Romance", Released, English,515001.4,1451974.0,GB,The Last Letter from Your Lover
11/19/2020 ,84.0,"Romance, Comedy", Released, English,171600000.0,1139752081.4,US,Gabriel's Inferno: Part III
08/08/2019 ,0.0,, Released, Chinese,167540000.0,175269998.8,CN,大学生出差服务
04/06/1960 ,63.0,"Romance, Western", Released, English,5000000.0,163735760.2,US,The Unforgiven
12/06/2022 ,46.0,"Horror, Thriller", Released, English,94000000.0,437537244.8,US,Deinfluencer
12/14/1984 ,80.0,"Crime, Drama", Released, English,910000.0,9600000.0,AU,On the Waterfront
08/28/1974 ,59.0,"Drama, Romance", Released, French,86400000.0,570633320.6,FR,Immoral Tales
10/11/2019 ,71.0,"Animation, Romance", Released, Japanese,29606012.8,4736031.0,JP,Her Blue Sky
05/24/2022 ,71.0,"Animation, Action, Family, Comedy, Science Fiction", Released, English,190000000.0,382903175.2,US,Sonic Drone Home
11/22/2007 ,62.0,Horror, Released, English,325000.0,70274000.0,AU,Halloween
12/23/2021 ,67.0,"Fantasy, Adventure, Comedy", Released, Russian,7000000.0,29694624.0,RU,The Last Warrior: A Messenger of Darkness
06/24/2022 ,56.0,"Thriller, Crime, Drama", Released, Tagalog,79800000.0,328493331.8,PH,Virgin Forest
02/12/2021 ,72.0,"Fantasy, Action, Adventure, Drama", Released, Chinese,26548000.0,150123320.0,CN,A Writer's Odyssey
12/01/1948 ,77.0,"War, Drama, History", Released, Italian,129460000.0,713462580.8,IT,"Germany, Year Zero"
10/18/2022 ,79.0,"Animation, Action, Science Fiction", Released, English,148000000.0,1180818577.6,US,Batman and Superman: Battle of the Super Sons
06/27/2018 ,78.0,"Action, Mystery, Science Fiction", Released, Korean,5500000.0,24340302.0,KR,The Witch: Part 1. The Subversion
06/20/1991 ,57.0,"Action, Adventure, Comedy", Released, English,65000000.0,17218916.0,AU,Hudson Hawk
12/10/2021 ,60.0,"Crime, Action", Released, English,102600000.0,208453066.2,US,American Sicario
09/02/2015 ,56.0,Romance, Released, Korean,80300000.0,176682291.4,KR,Taste 2
05/04/2012 ,66.0,"Romance, Drama", Released," Spanish, Castilian",113000000.0,735949885.8,ES,The Sex Of The Angels
09/14/2013 ,72.0,"Comedy, Animation, Drama, Romance", Released, Japanese,103600000.0,573527926.0,JP,"Love, Chunibyo & Other Delusions! Rikka Version"
04/25/2019 ,58.0,"Horror, Science Fiction, Comedy, TV Movie", Released, English,150400000.0,508177168.2,US,Critters Attack!
10/05/2016 ,64.0,Comedy, Released, English,90544000.0,519948264.6,AU,Good Kids
02/20/2020 ,60.0,"Horror, Mystery, Thriller", Released, English,10000000.0,18968326.0,AU,Brahms: The Boy II
02/23/2006 ,72.0,"Drama, Thriller, Crime", Released, English,32000000.0,61477797.0,AU,A History of Violence
12/22/2017 ,59.0,"Action, Science Fiction, Thriller", Released, Chinese,65000000.0,162758601.0,CN,Bleeding Steel
11/21/2012 ,60.0,"Thriller, Drama, Mystery", Released, Tagalog,22361.0,31307.0,PH,Rigodon
01/07/2011 ,80.0,"Romance, Drama", Released, English,14000000.0,4294635.0,AU,Flipped
12/26/2015 ,63.0,"Adventure, Horror, Comedy", Released, English,58000000.0,158952243.0,AU,Goosebumps
08/24/2018 ,73.0,Drama, Released, English,13500000.0,53292989.0,US,Papillon
12/26/1987 ,45.0,"Action, Adventure, Science Fiction", Released, English,17000000.0,36700000.0,AU,Superman IV: The Quest for Peace
10/22/2015 ,70.0,"Comedy, Drama, Romance", Released, English,4500000.0,18019834.0,AU,The Lobster
07/06/2019 ,59.0,"Thriller, TV Movie", Released, English,147400000.0,488588497.4,US,A Model Kidnapping
03/15/2018 ,56.0,"Animation, Family, Fantasy, Comedy, Adventure, Mystery", Released, English,59000000.0,97459106.0,AU,Sherlock Gnomes
10/04/2012 ,63.0,"Action, Crime, Thriller", Released, English,45000000.0,377807404.0,AU,Taken 2
09/17/2020 ,64.0,"Family, Fantasy, Drama", Released, English,45725000.0,889816.0,AU,The Secret Garden
03/09/2018 ,66.0,Documentary, Released, English,99000000.0,263932136.0,US,Take Your Pills
08/25/2015 ,60.0,"Horror, Fantasy, Action, Science Fiction", Released, Japanese,89940000.0,677005035.0,AU,Attack on Titan
01/28/2022 ,64.0,Crime, Released, English,96800000.0,262024051.2,US,Clean
12/06/1945 ,63.0,"Animation, Family, Music", Released, English,142000000.0,400881081.0,AU,The Three Caballeros
03/06/2013 ,59.0,"Thriller, Crime, Drama", Released, English,35000000.0,37114977.0,AU,Broken City
05/08/2015 ,59.0,"Comedy, Romance", Released, English,24598700.6,1323415.0,US,Playing It Cool
09/13/2006 ,70.0,"Drama, History", Released, English,40000000.0,58501127.0,AU,Invincible
02/21/2013 ,55.0,"Comedy, Romance", Released, English,8659000.0,29128433.0,AU,I Give It a Year
04/13/2005 ,78.0,"Family, Comedy, Animation, Adventure", Released, Japanese,132400000.0,663389709.0,AU,Porco Rosso
08/31/2020 ,100.0,"Drama, Romance", Released, Korean,201000000.0,1569323843.8,KR,Female Boss Hooker
03/15/1962 ,68.0,"Romance, Comedy, Drama", Released, Italian,74500000.0,351014753.8,IT,Crazy Desire
01/14/1978 ,47.0,, Released, Japanese,117200000.0,433823925.6,JP,Oppressive Torture
02/24/2012 ,55.0,"Comedy, Romance", Released, English,32500000.0,24159934.0,AU,Wanderlust
12/26/2021 ,65.0,"Science Fiction, Action, Adventure", Released, English,190000000.0,159197755.0,AU,The Matrix Resurrections
04/07/2004 ,55.0,"Comedy, Family", Released, English,12000000.0,31286759.0,US,Johnson Family Vacation
12/29/1977 ,68.0,"Fantasy, Family, Animation, Adventure", Released, English,1200000.0,71215869.0,AU,The Rescuers
08/11/2005 ,58.0,"Family, Comedy", Released, English,45000000.0,56070433.0,AU,Kicking & Screaming
09/09/2021 ,64.0,Horror, Released, English,92600000.0,353391998.4,AU,Martyrs Lane
02/17/2022 ,78.0,"Documentary, Animation", Released, Danish,3400000.0,440544.0,AU,Flee
09/30/2005 ,72.0,"Comedy, Romance", Released, English,385373.0,1117920.0,US,Little Manhattan
08/30/2018 ,22.0,Romance, Released, Korean,12001040.0,38139010.0,KR,My Girlfriend's Mother 2
01/31/2008 ,72.0,Western, Released, English,48000000.0,71171825.0,AU,3:10 to Yuma
01/01/2009 ,65.0,"Animation, Family, Adventure, Comedy", Released, English,150000000.0,328015029.0,AU,Bolt
02/02/2023 ,83.0,"History, Drama", Released, English,101680000.0,908144700.4,US,The Chosen: Season 3 Finale
09/20/2021 ,50.0,"Drama, Horror, Science Fiction", Released, English,3000000.0,4668109.0,AU,Demonic
11/27/1980 ,62.0,"Romance, Adventure", Released, English,4500000.0,47923795.0,AU,The Blue Lagoon
09/01/2022 ,59.0,Comedy, Released, Norwegian,135159000.0,234980052.8,AU,Everybody Hates Johan
12/13/2001 ,62.0,"Horror, Thriller", Released, English,42000000.0,68467960.0,AU,Thir13en Ghosts
11/17/2022 ,74.0,Documentary, Released, English,79500000.0,708023892.4,US,I Am Vanessa Guillen
01/05/2022 ,73.0,"Drama, Thriller", Released, English,147400000.0,507297468.2,GB,Boiling Point
05/22/2018 ,73.0,"Crime, Action, Thriller", Released, Korean,106000000.0,740963555.6,KR,Believer
07/26/2014 ,71.0,"Animation, Comedy, Family, Science Fiction, Adventure, TV Movie", Released, English,95380000.0,876342110.2,US,Phineas and Ferb: Star Wars
05/20/1994 ,78.0,"Drama, Crime", Released, English,10000000.0,17287898.0,AU,A Bronx Tale
08/09/1991 ,50.0,"Action, Adventure, Comedy, Family", Released, English,10000000.0,8667684.0,US,Bingo
06/06/2006 ,56.0,Horror, Released, English,2800000.0,48577431.0,US,The Omen
05/10/2019 ,71.0,"Animation, Action, Fantasy, Adventure", Released, Japanese,114000000.0,463270148.8,JP,Kabaneri of the Iron Fortress: The Battle of Unato
01/23/2010 ,60.0,"Animation, Fantasy", Released, Japanese,2017928.0,113478018.4,JP,Yu-Gi-Oh!: Bonds Beyond Time
09/15/2020 ,70.0,"Adventure, Family, Fantasy", Released, English,85200000.0,471856743.2,US,Wish Upon a Unicorn
09/02/1993 ,79.0,"Adventure, Science Fiction", Released, English,63000000.0,1045573035.0,AU,Jurassic Park
10/25/2013 ,77.0,"Fantasy, Horror", Released, German,46153454.6,19054.0,GB,Nosferatu
09/15/2021 ,74.0,Documentary, Released, English,79500000.0,708023892.4,AU,Schumacher
01/13/2017 ,52.0,"Horror, Thriller", Released, English,7400000.0,31187727.0,US,The Bye Bye Man
01/30/1997 ,65.0,Drama, Released, English,7303082.0,101173038.0,AU,Crash
04/08/2023 ,0.0,Action, Released, English,184600000.0,178359863.0,US,Jesse Rodriguez vs. Cristian Gonzalez
06/14/2016 ,71.0,Drama, Released, English,5000000.0,10727536.0,AU,Paterson
02/24/1995 ,80.0,"Drama, Romance", Released, English,2500000.0,5691852.0,AU,Before Sunrise
02/15/2018 ,74.0,"Action, Adventure, Science Fiction", Released, English,200000000.0,1336494320.0,AU,Black Panther
02/23/2022 ,62.0,Romance, Released, Korean,107200000.0,242891346.8,KR,Serve the People
12/01/2017 ,53.0,Horror, Released, English,95000000.0,338365977.2,US,Slumber
03/29/2018 ,0.0,Romance, Released, Korean,181600000.0,175269998.8,KR,Room Salon College Girls
12/18/1986 ,68.0,"War, Action, Comedy, Drama", Released, English,15000000.0,42724017.0,AU,Heartbreak Ridge
05/10/2002 ,59.0,Comedy, Released, English,13000000.0,28972187.0,US,The New Guy
09/24/2011 ,51.0,Horror, Released, English,4000000.0,3515997.6,US,Julia X
09/11/2012 ,61.0,"Thriller, Action, Crime", Released, English,10000000.0,159185080.2,US,6 Bullets
04/04/2013 ,69.0,"Adventure, History", Released, Norwegian,16600000.0,257720413.2,DK,Kon-Tiki
11/27/2015 ,72.0,"Animation, Action, Thriller", Released, Japanese,107400000.0,531422529.6,JP,Ajin: Demi-Human – Compel
04/04/2017 ,74.0,"Science Fiction, Animation, Action", Released, English,77000000.0,803867204.0,AU,Teen Titans: The Judas Contract
09/07/2013 ,67.0,"Drama, Comedy, Romance", Released, English,11000000.0,9814566.0,CA,What If
03/17/2016 ,69.0,Comedy, Released," Spanish, Castilian",103740000.0,608633534.0,CO,The Bribe of Heaven
05/26/2019 ,71.0,"Documentary, TV Movie", Released, English,96200000.0,406641432.4,US,Game of Thrones: The Last Watch
06/28/2012 ,63.0,"Animation, Comedy, Adventure, Family", Released, English,95000000.0,879765137.0,AU,Ice Age: Continental Drift
10/18/2014 ,57.0,"Crime, Mystery, Thriller", Released, English,173600000.0,481323479.4,US,Big Driver
08/21/2020 ,59.0,"Thriller, Horror", Released, English,95800000.0,277746658.6,US,The Unfamiliar
03/11/2012 ,59.0,"Animation, Science Fiction, Family, Action", Released, English,88000000.0,416043914.0,AU,Ben 10: Destroy All Aliens
01/13/2016 ,72.0,Drama, Released, English,2240000.0,74063742.6,US,Fathers and Daughters
08/20/1993 ,63.0,Action, Released, English,18000000.0,74189677.0,US,Hard Target
06/30/2021 ,71.0,Thriller, Released, Korean,102400000.0,502443287.6,KR,Midnight
03/08/1995 ,58.0,"Romance, Thriller, Mystery", Released, English,40000000.0,19726050.0,AU,Color of Night
11/14/2002 ,62.0,"Crime, Thriller, Action", Released, English,50000000.0,26199517.0,AU,Blood Work
11/06/2009 ,63.0,"Mystery, Science Fiction, Thriller", Released, English,10000000.0,49486874.0,US,The Fourth Kind
06/04/2020 ,59.0,Horror, Released, English,81200000.0,642941655.2,GB,The Candy Witch
12/26/2015 ,76.0,Drama, Released, English,15000000.0,67514963.0,AU,The Danish Girl
12/31/1987 ,70.0,"Drama, Comedy, Romance", Released, English,1800000.0,31623833.0,AU,Can't Buy Me Love
09/11/2020 ,59.0,"Animation, Family, Adventure, Comedy", Released, English,120100000.0,612263067.4,AU,Pets United
11/19/1990 ,65.0,"Western, Adventure", Released, English,20000000.0,59000000.0,AU,Young Guns II
11/04/1964 ,68.0,"Comedy, Crime, Adventure", Released, French,97800000.0,398925842.8,FR,Fantomas
04/16/2014 ,69.0,"Animation, Family", Released, English,53620000.0,20300000.0,AU,Tinker Bell and the Pirate Fairy
08/12/2016 ,73.0,Documentary, Released, Chinese,53600000.0,682429959.6,CN,Born in China
01/01/2022 ,62.0,"Action, Thriller", Released, English,38200000.0,319040588.8,AU,Dangerous
05/22/2020 ,59.0,Romance, Released, Korean,123000000.0,603561958.8,KR,Aunt's Temptation 3
06/01/2006 ,59.0,"Family, Comedy", Released, English,50000000.0,87528173.0,AU,RV
10/19/2007 ,52.0,"Animation, Drama, Family, History", Released, English,13500000.0,85433929.0,US,The Ten Commandments
10/02/1997 ,76.0,"Drama, Thriller, Mystery", Released, English,50000000.0,80369970.0,AU,The Game
11/12/1991 ,76.0,"Crime, Drama", Released, English,6500000.0,56215095.0,AU,Boyz n the Hood
11/15/1990 ,25.0,Drama, Released, Cantonese,12001040.0,38139010.0,HK,Temptation Summary
05/05/2010 ,60.0,"Action, Adventure, History", Released, Thai,8501932.4,2340363.0,TH,Ong Bak 3
10/07/1993 ,70.0,"Action, Drama, Thriller, Crime, Mystery", Released, English,40000000.0,176997168.0,AU,In the Line of Fire
10/16/1997 ,74.0,"Drama, Science Fiction, Mystery", Released, English,90000000.0,165900000.0,AU,Contact
01/10/2020 ,44.0,"Animation, Mystery, Drama, Horror, Adventure", Released, Japanese,134300000.0,883363665.0,JP,The Island of Giant Insects
12/10/2020 ,64.0,"Adventure, Fantasy, Comedy, Family, Horror", Released, English,49500000.0,29303571.0,AU,Roald Dahl's The Witches
02/18/2004 ,61.0,"Action, Thriller, Crime", Released, French,13600000.0,40152148.0,FR,Crimson Rivers II: Angels of the Apocalypse
03/08/1978 ,95.0,, Released, Malayalam,227800000.0,1916346674.6,IN,Rathinirvedam
10/13/2020 ,59.0,"Horror, Mystery, Thriller, Music", Released, English,105600000.0,765928718.8,US,Nocturne
07/30/2021 ,66.0,"Adventure, Drama, Fantasy", Released, English,15000000.0,20022491.0,AU,The Green Knight
12/26/2022 ,75.0,"Drama, Comedy", Released, English,515001.4,41000000.0,AU,The Banshees of Inisherin
09/02/2022 ,56.0,Comedy, Released, English,7396000.0,2144225.0,US,Honk for Jesus. Save Your Soul.
10/16/2021 ,63.0,"Action, Thriller", Released, Portuguese,95200000.0,405026088.6,AU,Yakuza Princess
01/21/2007 ,51.0,"Family, Romance", Released, English,150200000.0,667039926.0,US,Love Wrecked
04/08/2004 ,67.0,"Comedy, Crime", Released, French,27440000.0,292131114.4,AU,Ruby & Quentin
09/15/2015 ,69.0,"Thriller, Horror", Released, English,118600000.0,416986411.4,US,Hidden
04/04/2012 ,52.0,"Family, Adventure, Comedy", Released, French,50000000.0,50100000.0,FR,HOUBA! On the Trail of the Marsupilami
11/15/1996 ,59.0,"Drama, Romance", Released, Italian,86400000.0,570633320.6,DE,Provocation
07/04/2019 ,72.0,"Romance, Drama", Released, English,14000000.0,57926850.0,AU,After
02/03/2001 ,66.0,"Horror, Thriller, Mystery", Released, Japanese,20500000.0,30241435.0,JP,Pulse
12/31/2018 ,83.0,Music, Released, English,123000000.0,597125772.0,US,Taylor Swift: Reputation Stadium Tour
06/08/2017 ,55.0,"Fantasy, Thriller, Action, Adventure, Horror", Released, English,195000000.0,409953905.0,AU,The Mummy
10/22/2021 ,40.0,"Drama, Romance", Released, Japanese,101800000.0,567601271.2,JP,Unlock Your Heart
09/13/1995 ,68.0,"Comedy, Romance", Released, English,15000000.0,6700000.0,US,Mighty Aphrodite
07/14/2020 ,74.0,"Romance, Drama", Released, French,6900000.0,3600000.0,FR,Summer of 85
05/03/2022 ,56.0,Documentary, Released, English,80300000.0,321306715.6,US,The Janes
10/13/2017 ,61.0,"Comedy, Horror", Released, English,100400000.0,332045035.6,AU,The Babysitter
10/12/1995 ,55.0,Drama, Released, English,40000000.0,37750754.0,AU,Showgirls
06/29/2017 ,68.0,"Action, Crime, Drama, Thriller", Released, Korean,125000.0,8737458.0,AU,The Villainess
08/28/2014 ,65.0,"Comedy, Drama, Romance", Released, English,16800000.0,51029361.0,AU,Magic in the Moonlight
07/01/2010 ,66.0,"Family, Fantasy, Adventure", Released, English,3000000.0,0.0,AU,Alice in Wonderland
01/22/2016 ,53.0,"Drama, Horror, Thriller, Mystery", Released, English,136200000.0,579414250.2,US,Martyrs
10/11/2019 ,52.0,Horror, Released, English,8200000.0,709528.0,US,Mary
03/21/2013 ,58.0,"Fantasy, Action, Adventure, Family", Released, English,195000000.0,197687603.0,AU,Jack the Giant Slayer
04/10/2010 ,60.0,"Animation, Horror, Action, Comedy", Released, English,10000000.0,128116661.8,AU,The Haunted World of El Superbeasto
06/14/2012 ,66.0,"Horror, Fantasy", Released, English,30000000.0,70683134.0,AU,The Cabin in the Woods
12/29/2016 ,69.0,"Drama, Romance, Science Fiction", Released, English,110000000.0,302239672.0,AU,Passengers
03/10/2007 ,73.0,"Family, Adventure, Animation", Released, Japanese,65000000.0,504738420.0,JP,Doraemon: Nobita's New Great Adventure Into the Underworld - The Seven Magic Users
11/30/2000 ,71.0,"Thriller, Drama, Mystery", Released, English,73243106.0,248099143.0,AU,Unbreakable
04/03/2021 ,54.0,"Horror, Science Fiction", Released, English,108800000.0,348600148.4,US,Rise of the Mummy
10/01/2005 ,55.0,"Horror, Thriller", Released, English,116000000.0,856081053.0,AU,Venom
10/25/2011 ,70.0,Documentary, Released, English,100140523.8,625891229.0,US,Zombies: A Living History
03/03/2001 ,70.0,"Action, Animation, Adventure", Released, Japanese,94040000.0,707467159.8,JP,One Piece: Clockwork Island Adventure
05/04/2018 ,43.0,"Action, Science Fiction, Thriller", Released, English,112300000.0,486430114.2,US,Incoming
10/15/1998 ,72.0,"Drama, Fantasy, Romance", Released, English,80000000.0,71485043.0,AU,What Dreams May Come
03/17/2023 ,73.0,"Animation, Adventure, Family, Fantasy", Released, English,82600000.0,473097256.6,AU,The Magician's Elephant
12/10/1981 ,65.0,"Action, Comedy", Released, English,10000000.0,85300000.0,AU,Stripes
02/23/1989 ,78.0,Drama, Released, English,25000000.0,412800000.0,AU,Rain Man
09/11/2017 ,66.0,"Animation, Family", Released, English,127000000.0,325823441.8,AU,Barbie Presents: Thumbelina
10/12/2007 ,68.0,"Drama, Family, Fantasy, TV Movie", Released, English,73380000.0,694005046.2,US,Twitches Too
09/06/2013 ,52.0,"Comedy, Horror", Released, English,2500000.0,4607463.4,US,Hell Baby
12/13/2018 ,67.0,"Horror, War, Science Fiction", Released, English,38000000.0,39178189.0,AU,Overlord
09/30/2022 ,73.0,"Action, Adventure, Drama", Released, Tamil,107000000.0,166926864.6,AU,Ponniyin Selvan: Part I
09/01/2022 ,70.0,Fantasy, Released, English,60000000.0,19892510.0,AU,Three Thousand Years of Longing
04/26/2006 ,61.0,"Family, Comedy, Drama, Romance", Released, English,30000000.0,10419084.0,AU,First Daughter
07/16/2008 ,85.0,"Drama, Action, Crime, Thriller", Released, English,185000000.0,1006234167.0,AU,The Dark Knight
07/23/2016 ,72.0,"Action, Animation, Adventure, Comedy", Released, Japanese,32317939.2,66207073.0,JP,One Piece Film: GOLD
03/18/2010 ,73.0,"Drama, Thriller, War", Released, English,26000000.0,45043870.0,AU,Brothers
10/17/2010 ,47.0,Comedy, Released, English,500000.0,1463596.6,US,Milf
01/10/2020 ,68.0,Drama, Released, English,56600000.0,583921229.0,US,Three Christs
04/24/2010 ,73.0,"Action, Animation, Comedy", Released, Japanese,158000000.0,582632450.4,JP,One Piece: Strong World Episode 0
02/09/2010 ,70.0,"Action, Adventure, Animation, Horror", Released, English,140500000.0,650589449.4,US,Dante's Inferno: An Animated Epic
07/08/2010 ,65.0,"Action, Adventure, Drama, Family", Released, English,40000000.0,351774938.0,AU,The Karate Kid
01/01/2000 ,56.0,, Released, English,80300000.0,321306715.6,AU,"Moses, Prince of Egypt"
09/13/2020 ,62.0,Adventure, Released, English,57000000.0,552139144.6,US,The Water Man
04/16/1992 ,71.0,"Action, Comedy", Released, Cantonese,24451800.0,30399676.0,HK,Once Upon a Time in China II
07/06/2009 ,77.0,"Animation, Fantasy, Family", Released, Japanese,41677699.0,202404009.0,AU,Ponyo
08/30/1979 ,44.0,Thriller, Released," Spanish, Castilian",124800000.0,834642911.6,MX,The Call of Sex
11/19/1994 ,0.0,, Released, Japanese,167540000.0,175269998.8,JP,極道記者2 馬券転生篇
01/17/2023 ,50.0,Horror, Released, English,102800000.0,545695337.6,US,Snow Falls
07/11/2002 ,61.0,Comedy, Released, English,7000000.0,25900000.0,AU,Ali G Indahouse
11/03/2003 ,61.0,"Horror, Mystery", Released, Japanese,20000000.0,44513466.0,JP,One Missed Call
08/21/2001 ,52.0,Comedy, Released, English,77140000.0,202866374.4,US,Sexo
06/26/2013 ,66.0,"Action, Adventure, Science Fiction", Released, English,225000000.0,667999518.0,AU,Man of Steel
01/01/2020 ,77.0,"Animation, Action, Adventure, Comedy, Family", Released, English,100000000.0,165124093.0,AU,Spies in Disguise
08/05/2022 ,67.0,"Drama, Crime", Released, Chinese,84800000.0,353650070.0,CN,Golden Escape
02/02/2012 ,45.0,Comedy, Released, English,74600000.0,408033203.6,US,Celebrity Sex Tape
10/31/2012 ,78.0,"Drama, Romance", Released, French,9700000.0,36787044.0,AU,Amour
09/28/2000 ,65.0,"Fantasy, Comedy, Family", Released, English,65000000.0,69688384.0,AU,The Kid
10/03/1980 ,75.0,"Drama, Fantasy, Romance", Released, English,5100000.0,9709597.0,US,Somewhere in Time
01/17/2017 ,42.0,"Action, Comedy, Science Fiction", Released, English,114000000.0,187045374.0,US,Death Race 2050
12/11/2014 ,62.0,Comedy, Released, English,40000000.0,105945357.0,AU,Horrible Bosses 2
02/22/2017 ,53.0,Comedy, Released, French,5520017.8,1162912.0,FR,If I Were a Boy
11/05/1987 ,76.0,"Horror, Comedy, Fantasy", Released, English,3500000.0,5927557.0,AU,Evil Dead II
03/30/2017 ,63.0,"Family, Adventure, Animation, Comedy", Released, English,60000000.0,197578586.0,AU,Smurfs: The Lost Village
10/11/2011 ,53.0,"Action, Thriller, Science Fiction", Released, English,10000000.0,32144750.8,US,Arena
04/18/1996 ,70.0,"Horror, Action, Thriller, Crime", Released, English,20000000.0,25736162.0,AU,From Dusk Till Dawn
12/05/2013 ,66.0,"Science Fiction, Action, Adventure", Released, English,110000000.0,127983283.0,AU,Ender's Game
03/11/2022 ,71.0,"Adventure, Science Fiction", Released, English,116000000.0,203098455.6,AU,The Adam Project
09/22/2011 ,66.0,"Adventure, Comedy, Romance", Released, English,20000000.0,39686769.0,AU,Monte Carlo
04/08/1993 ,54.0,"Action, Adventure, Comedy, Family, Fantasy, Science Fiction", Released, English,21000000.0,42273609.0,AU,Teenage Mutant Ninja Turtles III
07/08/1983 ,43.0,Drama, Released, Japanese,86500000.0,171913639.0,JP,Blue Rain Osaka
12/01/1974 ,64.0,"Adventure, Action, Thriller", Released, English,7000000.0,97600000.0,AU,The Man with the Golden Gun
08/19/2022 ,60.0,"Comedy, Horror, Fantasy", Released, Latvian,165800000.0,385711392.2,US,Squeal
11/23/2022 ,71.0,"Comedy, Crime, Mystery", Released, English,40000000.0,13280000.0,AU,Glass Onion: A Knives Out Mystery
04/21/1989 ,66.0,"Horror, Drama", Released, English,21000000.0,111809732.0,US,Pet Sematary
10/12/2017 ,64.0,Drama, Released, English,36345000.0,2550321.0,AU,The Only Living Boy in New York
07/11/2002 ,65.0,"Fantasy, Horror, Action, Thriller", Released, English,54000000.0,155010032.0,AU,Blade II
01/27/2023 ,78.0,"Action, Fantasy, TV Movie", Released, English,150400000.0,327346026.2,AU,Teen Wolf: The Movie
05/22/2014 ,75.0,"Action, Adventure, Science Fiction", Released, English,200000000.0,747862775.0,AU,X-Men: Days of Future Past
09/03/2021 ,64.0,"Fantasy, Romance, Comedy", Released, English,2900000.0,263591415.0,AU,Cinderella
09/13/2013 ,67.0,Drama, Released," Spanish, Castilian",75500000.0,509726081.0,MX,Deseo
07/02/2021 ,79.0,"Action, Science Fiction, Adventure", Released, English,200000000.0,19220000.0,AU,The Tomorrow War
02/02/2016 ,71.0,"TV Movie, Music", Released, English,68000000.0,499720701.4,AU,Grease Live
08/17/2017 ,67.0,"Comedy, Crime, Action, Drama", Released, English,29000000.0,49046121.0,AU,Logan Lucky
03/27/1997 ,76.0,"Drama, Thriller, Mystery", Released, English,15000000.0,3756869.0,AU,Lost Highway
05/01/1981 ,61.0,"Horror, Thriller", Released, English,1250000.0,21722776.0,US,Friday the 13th Part 2
12/25/2018 ,75.0,"Animation, Comedy, Adventure, Fantasy", Released, Danish,118800000.0,498318467.6,DK,Checkered Ninja
01/28/2005 ,33.0,"Action, Fantasy, Horror", Released, English,20000000.0,10588079.0,US,Alone in the Dark
03/20/2009 ,76.0,"Drama, Action, Thriller, Crime", Released," Spanish, Castilian",5239000.0,5102705.0,US,Sin Nombre
10/19/2001 ,73.0,"Fantasy, Drama, Horror, Thriller", Released," Spanish, Castilian",4500000.0,6582065.0,MX,The Devil's Backbone
11/21/2019 ,65.0,"Comedy, Romance", Released, English,131500000.0,146729703.6,US,The Knight Before Christmas
10/15/2020 ,51.0,Horror, Released, English,108400000.0,218436574.8,US,Butchers
08/23/2003 ,63.0,"Horror, Thriller", Released, Japanese,20000000.0,70700000.0,JP,Ju-on: The Grudge 2
06/22/2012 ,74.0,"Drama, Romance", Released," Spanish, Castilian",85000000.0,645835675.2,ES,I Want You
02/10/2023 ,51.0,Horror, Released," Spanish, Castilian",108400000.0,218436574.8,ES,The Communion Girl
08/11/2011 ,57.0,"Action, Adventure, Comedy", Released, English,28000000.0,41146935.0,AU,30 Minutes or Less
01/19/2023 ,65.0,"Animation, Family, Adventure, Comedy", Released, Russian,95200000.0,416119951.4,AU,Big Trip 2: Special Delivery
03/30/2022 ,50.0,, Released, English,163600000.0,812667214.2,US,Gabriel's Inferno: Part IV
02/06/2004 ,66.0,"Family, Animation, Comedy, Action", Released, English,80017249.0,1465.0,AU,The Lion King 1½
09/21/2022 ,45.0,"Drama, Crime, Mystery, Thriller", Released, German,134300000.0,862567677.4,DE,The Perfumier
12/15/2001 ,77.0,"Action, Animation, Adventure, Fantasy", Released, Japanese,10540.0,59692457.8,JP,Inuyasha the Movie: Affections Touching Across Time
04/09/1996 ,62.0,"Action, Horror, Comedy, Science Fiction, Thriller", Released, English,4000000.0,105376613.4,US,Tremors 2: Aftershocks
10/07/2022 ,57.0,"Horror, Mystery, Thriller", Released, English,4000000.0,19174817.0,US,The Visitor
10/10/2013 ,64.0,"Crime, Comedy, Action", Released, English,30000000.0,80588942.0,AU,The Family
08/22/2003 ,65.0,"Crime, Thriller", Released, English,7800000.0,24021282.0,GB,Swimming Pool
02/03/2012 ,64.0,"Action, Thriller, Crime", Released, English,42000000.0,49621440.0,AU,Man on a Ledge
11/14/1979 ,66.0,"War, Drama, TV Movie", Released, English,115700000.0,504360381.2,US,All Quiet on the Western Front
06/20/2019 ,64.0,"Crime, Drama, Mystery", Released, English,8500000.0,2053469.0,AU,Under the Silver Lake
12/26/2014 ,81.0,"Family, Animation, Music", Released, English,2069753.2,360736.0,AU,My Little Pony: Equestria Girls - Rainbow Rocks
05/24/2002 ,69.0,"Animation, Comedy, Family, Fantasy", Released, English,124400000.0,508761361.2,US,Mike's New Car
01/20/1977 ,68.0,"Action, Crime, Thriller", Released, English,9000000.0,46236000.0,AU,The Enforcer
12/26/2019 ,42.0,"Fantasy, Comedy, Drama", Released, English,100000000.0,75568355.0,AU,Cats
09/29/2022 ,80.0,"Drama, History", Released," Spanish, Castilian",5377753.2,871621.0,AR,"Argentina, 1985"
01/05/2023 ,79.0,Drama, Released, English,40000000.0,43977543.0,AU,The Fabelmans
03/29/2019 ,67.0,"Action, Adventure", Released, Hindi,140800000.0,483308405.4,IN,Junglee
10/31/2012 ,77.0,"Romance, Fantasy", Released, Korean,112640000.0,719378536.0,KR,A Werewolf Boy
01/22/2016 ,58.0,"Action, Adventure, Fantasy", Released, Chinese,68490000.0,193677158.0,AU,The Monkey King 2
09/30/2003 ,70.0,"Animation, Family", Released, English,165000000.0,509012026.8,AU,Barbie of Swan Lake
10/21/2010 ,57.0,"Horror, Mystery, Fantasy", Released, English,3000000.0,177512032.0,AU,Paranormal Activity 2
07/12/2019 ,61.0,"Action, Thriller", Released, English,3000000.0,0.0,US,Point Blank
11/22/2000 ,71.0,Drama, Released, English,13500000.0,11732088.0,US,Quills
06/14/2022 ,70.0,"Animation, Comedy, Family", Released, English,111000000.0,294668448.4,US,King Tweety
10/05/1983 ,55.0,"Comedy, Romance", Released, English,49000000.0,641555930.2,AU,Private School
07/01/2019 ,75.0,"Action, Adventure, Science Fiction", Released, English,160000000.0,1132107522.0,AU,Spider-Man: Far From Home
03/27/2015 ,50.0,Drama, Released," Spanish, Castilian",151600000.0,665194474.0,ES,La espina de Dios
02/22/1969 ,65.0,"Comedy, Family, Fantasy", Released, English,39800000.0,51264022.0,AU,The Love Bug
10/14/2004 ,79.0,"Romance, Drama", Released, English,30000000.0,115937163.0,AU,The Notebook
11/11/2016 ,67.0,"Action, Thriller", Released, English,69400000.0,240033015.8,HK,Lady Bloodfight
02/20/2010 ,74.0,"Animation, War, Action, Science Fiction", Released, English,2062000.0,11000000.0,AU,Halo Legends
11/18/1999 ,68.0,"Drama, Mystery, Thriller, Crime", Released, English,48000000.0,151463090.0,AU,The Bone Collector
03/10/1993 ,61.0,"Action, Drama, Thriller", Released, English,11900000.0,18994653.0,AU,Sniper
12/16/2009 ,57.0,"Action, Thriller, Science Fiction", Released, English,50000000.0,42002029.0,AU,Gamer
08/18/2022 ,63.0,"Horror, Science Fiction", Released, English,792225.8,4400000.0,AU,Crimes of the Future
11/25/2021 ,65.0,Comedy, Released, Romanian,100000000.0,246367071.0,AU,Bad Luck Banging or Loony Porn
08/15/2015 ,55.0,Horror, Released, English,49200000.0,427304425.6,DE,Bite
11/01/2017 ,67.0,"Adventure, Animation, Family, Fantasy", Released, English,126000000.0,404506361.0,AU,Trolls Holiday
04/19/1997 ,73.0,"Adventure, Mystery, Animation", Released, Japanese,28420000.0,9107390.0,JP,Detective Conan: The Time Bombed Skyscraper
06/18/2020 ,80.0,"Animation, Drama, Romance, Fantasy", Released, Japanese,128600000.0,468529612.2,AU,A Whisker Away
03/03/2022 ,67.0,"Animation, Family", Released, English,112800000.0,356126924.8,AU,Monster Family 2
04/02/1981 ,73.0,Drama, Released, German,71400000.0,751654707.4,DE,Christiane F.
04/20/1991 ,33.0,"Fantasy, Drama", Released, Cantonese,50641000.0,323787336.6,HK,Witchcraft vs. Curse
04/25/2012 ,77.0,"Science Fiction, Action, Adventure", Released, English,225000000.0,1515100211.0,AU,The Avengers
11/25/2014 ,68.0,Documentary, Released, English,81500000.0,563588855.0,US,The Science of Interstellar
07/31/2015 ,65.0,"Drama, Romance", Released, French,3000000.0,249083.0,AU,Love
01/29/2013 ,66.0,"Animation, Comedy, Family", Released, English,122000000.0,515729606.2,US,Madly Madagascar
06/11/2016 ,72.0,Drama, Released, French,10000000.0,64412531.8,AU,It's Only the End of the World
10/07/1977 ,50.0,Comedy, Released, German,114000000.0,449042622.0,DE,Three Swedish Girls in Upper Bavaria
09/01/2020 ,65.0,"Family, Comedy, Drama", Released, English,47980000.0,1239498.0,AU,Think Like a Dog
12/02/2016 ,64.0,Action, Released, Chinese,67800000.0,348256501.8,CN,Sword Master
05/11/2018 ,72.0,"Romance, Comedy", Released, English,91200000.0,226316080.4,AU,The Kissing Booth
01/19/2023 ,60.0,Comedy, Released," Spanish, Castilian",114200000.0,241031716.6,AR,The Tangalanga Method
03/17/1995 ,62.0,Drama, Released, Chinese,110800000.0,408974526.0,HK,Lover of the Last Empress
12/14/2005 ,69.0,"Adventure, Drama, Action", Released, English,23000000.0,90614445.0,AU,King Kong
02/27/2002 ,76.0,"Action, Adventure, Crime, Drama", Released, English,200000.0,82379369.0,US,Shottas
02/04/2010 ,63.0,"Action, Fantasy, Science Fiction", Released, English,20000000.0,51445503.0,AU,Daybreakers
06/08/2008 ,74.0,"Romance, Drama, TV Movie", Released, English,145000000.0,658691465.4,AU,Persuasion
03/22/2018 ,61.0,"Action, Fantasy, Science Fiction, Adventure", Released, English,155000000.0,290930148.0,AU,Pacific Rim: Uprising
08/31/2021 ,52.0,"Action, Fantasy, Horror", Released, English,139400000.0,329571985.8,AU,Prisoners of the Ghostland
06/24/1993 ,69.0,"Drama, History, Action", Released, English,14000000.0,63513743.0,AU,Dragon: The Bruce Lee Story
11/09/2013 ,73.0,"Animation, Adventure, Drama, Fantasy, Science Fiction", Released, Japanese,135600000.0,703696698.0,JP,Patema Inverted
11/12/2015 ,71.0,"Drama, History", Released, English,35000000.0,50363790.0,AU,Concussion
04/04/1996 ,54.0,"Family, Comedy, Adventure", Released, English,16000000.0,23546833.0,AU,Dunston Checks In
12/07/2017 ,73.0,"Drama, Romance", Released, English,6600001.4,152761.0,AU,The Secret Scripture
01/22/2021 ,68.0,"Horror, Thriller", Released, Chinese,87300000.0,373248627.0,TW,The Sadness
12/26/1991 ,64.0,"Comedy, Romance", Released, English,20000000.0,89325780.0,AU,Father of the Bride
10/10/2014 ,64.0,"Drama, Western", Released, Danish,14000000.0,2947737.0,AU,The Salvation
09/11/2005 ,61.0,"Drama, Romance, Fantasy", Released, English,105400000.0,532774629.8,CA,The Mistress of Spices
04/23/2011 ,62.0,"Drama, Thriller, Mystery", Released, English,6000000.0,5206.0,US,The Good Doctor
11/27/2007 ,65.0,"Crime, Drama, Horror, Thriller", Released, English,12000000.0,5285197.0,US,Whisper
10/25/2022 ,71.0,"Comedy, Family, Animation", Released, English,67800000.0,407220344.2,US,Barbie: Epic Road Trip
03/31/2023 ,65.0,"Comedy, Mystery, Action", Released, English,43800000.0,489543087.4,AU,Murder Mystery 2
06/09/1960 ,86.0,"Drama, Fantasy", Released," Spanish, Castilian",159600000.0,997431725.6,MX,Macario
10/04/2007 ,64.0,"Comedy, Drama, Romance", Released, English,20000000.0,47817020.0,AU,The Nanny Diaries
04/20/2006 ,64.0,"Horror, Thriller", Released, English,17000000.0,70355813.0,AU,The Hills Have Eyes
05/18/2012 ,83.0,"Drama, Comedy", Released, French,13000000.0,426588510.0,AU,The Intouchables
06/07/2018 ,73.0,"Horror, Mystery, Thriller", Released, English,10000000.0,81263489.0,AU,Hereditary
08/21/1981 ,54.0,"Horror, Science Fiction", Released, Italian,108800000.0,348600148.4,IT,Night of the Zombies
06/09/2005 ,84.0,"Fantasy, Animation, Adventure", Released, Japanese,24000000.0,236049757.0,AU,Howl's Moving Castle
09/30/2022 ,63.0,Thriller, Released," Spanish, Castilian",94000000.0,321279166.8,ES,Lost & Found
05/18/2022 ,53.0,"Thriller, Action", Released, English,116600000.0,487300517.4,AU,Panama
08/02/1992 ,80.0,"Action, Comedy, Animation", Released, Japanese,115460000.0,583546114.0,JP,Ranma ½: The Movie 2 — The Battle of Togenkyo: Rescue the Brides!
02/22/2019 ,68.0,"Drama, Western", Released, English,38000000.0,14636067.0,AU,The Sisters Brothers
03/21/2017 ,50.0,Romance, Released, Korean,25000000.0,31635150.0,KR,The Girl Next Door
06/01/1984 ,69.0,Action, Released, English,14500000.0,8089290.0,US,Streets of Fire
03/01/2023 ,54.0,"Action, Thriller", Released, English,116000000.0,378399280.8,AU,Black Warrant
02/07/2008 ,57.0,"Action, Adventure, Comedy", Released, Chinese,10000000.0,22896728.0,HK,Kung Fu Dunk
04/17/2008 ,62.0,Thriller, Released, English,35000000.0,52649951.0,AU,Untraceable
02/13/1992 ,70.0,"Science Fiction, Action, Adventure, Thriller", Released, English,27000000.0,96900000.0,AU,Star Trek VI: The Undiscovered Country
07/11/1995 ,55.0,"Action, Adventure, Science Fiction, Thriller, Horror", Released, English,116000000.0,475661306.0,US,Darkman II: The Return of Durant
10/03/2000 ,71.0,"Animation, Family, Comedy, Mystery, Science Fiction", Released, English,122400000.0,540223099.2,US,Scooby-Doo and the Alien Invaders
11/19/1998 ,82.0,"Drama, History, War", Released, English,65000000.0,485035085.0,AU,Saving Private Ryan
12/17/1976 ,62.0,"Adventure, Fantasy", Released, English,207000000.0,550517357.0,US,King Kong
07/17/1987 ,41.0,"Adventure, Thriller, Horror", Released, English,23000000.0,51881013.0,US,Jaws: The Revenge
03/25/2019 ,80.0,"Comedy, Family, Animation, Adventure, Mystery", Released, English,9260980.0,38812872.4,AU,Scooby-Doo! and the Curse of the 13th Ghost
12/26/2004 ,73.0,"Thriller, Drama, Romance", Released, English,55000000.0,153770052.0,AU,The Phantom of the Opera
11/01/2020 ,63.0,"Family, Comedy, Action", Released, English,105600000.0,262901615.4,AU,Cats & Dogs 3: Paws Unite
11/06/2022 ,63.0,"TV Movie, Comedy, Romance, Drama", Released, English,157600000.0,438742414.8,US,Well Suited For Christmas
11/27/2020 ,80.0,"Animation, Action", Released, Japanese,130000000.0,765868107.0,JP,Grisaia: Phantom Trigger The Animation - Stargazer
04/07/2022 ,68.0,"Thriller, Action", Released, English,40000000.0,51783040.0,AU,Ambulance
07/01/2010 ,62.0,"Adventure, Fantasy, Drama, Romance", Released, English,68000000.0,706102828.0,AU,The Twilight Saga: Eclipse
12/26/1986 ,71.0,"Animation, Family, Adventure, Mystery", Released, English,14000000.0,38625550.0,AU,The Great Mouse Detective
10/03/2021 ,65.0,"Animation, Comedy, Family, Adventure", Released, English,93000000.0,366655140.2,CN,Extinct
12/03/2010 ,69.0,"Animation, Action, Comedy, Family, Science Fiction", Released, English,130000000.0,321887208.0,AU,Megamind
12/26/1986 ,67.0,"Drama, Family, Animation, Adventure", Released, English,9000000.0,84542002.0,AU,An American Tail
11/08/2011 ,67.0,"Animation, Family", Released, English,112800000.0,356126924.8,AU,Barbie: A Perfect Christmas
06/13/2003 ,71.0,"Drama, Horror, Mystery", Released, Korean,15050245.0,1062878.0,KR,A Tale of Two Sisters
09/24/2009 ,61.0,"Science Fiction, Action, Thriller", Released, English,80000000.0,119668350.0,AU,Surrogates
01/26/2017 ,67.0,"Drama, Romance, Science Fiction, Adventure", Released, Russian,5027266.0,19454845.0,RU,Attraction
06/17/2016 ,57.0,Horror, Released, English,6100000.0,4381603.0,US,Clown
09/09/2021 ,20.0,Documentary, Released, Korean,12001040.0,38139010.0,KR,Vertigo
07/24/2020 ,66.0,"Drama, Horror, Thriller", Released," Spanish, Castilian",16061120.0,443458.0,ES,Don't Listen
06/01/1988 ,67.0,Animation, Released, Japanese,159400000.0,335498978.2,JP,Dragon Ball: Goku's Traffic Safety
09/16/2005 ,58.0,"Horror, Thriller", Released, English,1000000.0,10047674.0,US,Cry_Wolf
03/17/1998 ,70.0,"Animation, Action, Crime", Released, English,156000000.0,530112259.6,AU,Batman & Mr. Freeze: SubZero
03/06/2010 ,71.0,"Adventure, Family, Animation", Released, Japanese,27642400.0,83686340.0,JP,Doraemon: Nobita's Great Battle of the Mermaid King
02/09/2012 ,64.0,"Action, Thriller", Released, English,85000000.0,207884401.0,AU,Safe House
05/20/2022 ,55.0,"Comedy, Romance", Released," Dutch, Flemish",49000000.0,641555930.2,NL,F*ck Love Too
10/14/2004 ,72.0,"Drama, Crime, Thriller", Released, English,60000000.0,217602967.0,AU,Collateral
10/27/2005 ,51.0,"Action, Horror, Science Fiction", Released, English,70000000.0,58757178.0,AU,Doom
07/15/2008 ,75.0,Documentary, Released, English,98800000.0,580810039.6,US,Batman Unmasked: The Psychology of 'The Dark Knight'
